2752 4790
568 393 642 436 ΧΧΧΙ

21 583 22 586 “
119 551 167 622 ab
200 548 345 648 egilano
373 549 469 632 illo,
502 544 589 615 viro
604 547 833 638 apostolico,
877 549 1097 622 enunciato-

117 711 221 773 rum,
258 709 416 760 sensum
448 677 665 775 anquirere,
709 708 828 777 quum
849 704 984 758 nostra
1014 685 1094 780 qui·

116 822 205 892 dem
223 839 365 904 aetate,
393 814 540 908 spurias
556 835 637 884 esse
664 813 730 886 has
752 820 925 912 epistolas
944 819 1097 917 Ignatii,

115 961 280 1040 saltem,
313 953 382 1024 vet
397 971 442 1018 ex
456 948 536 1042 ipsa
560 945 731 1017 breviori
753 956 970 1043 recensione,
996 981 1098 1031 ava.

117 1093 194 1160 riis
212 1081 571 1180 interpolationibus
587 1080 690 1151 haud
706 1081 864 1172 liberas,
899 1105 1038 1158 eertum
1053 1093 1101 1162 sit

121 1241 237 1318 etque
256 1220 438 1306 evictum,
474 1217 646 1314 quamvis
670 1222 894 1292 Peorsonius
912 1236 951 1290 et
977 1221 1106 1293 Cotele·

119 1363 196 1430 rius
214 1355 419 1454 genuinam
440 1378 568 1426 earum
595 1353 785 1426 rationem
815 1353 929 1428 nobis
954 1379 1109 1452 persua-

21 1581 23 1602 Ι
116 1497 209 1566 dere
235 1454 360 1564 annisi
378 1471 467 1564 sint.
529 1494 610 1585 Qua
630 1489 677 1562 (le
701 1515 742 1562 re
767 1491 854 1580 vide
874 1491 990 1564 modo
1015 1506 1105 1587 'post

112 1629 289 1728 egregios
308 1629 468 1717 Dolloei,
487 1627 665 1700 Loralneri
679 1645 717 1700 et
736 1631 886 1702 Scmleri
900 1629 1050 1702 labores
1066 1634 1102 1702 S.

113 1773 162 1840 ·V.
200 1763 392 1838 Schmidtii
426 1763 634 1860 (Theologi
663 1767 832 1838 Glsseruis
859 1765 1104 1858 celeberrimi)

115 1899 500 1976 commentationem:
518 1901 684 1974 Versuoh
699 1899 812 1972 iiber
838 1901 910 1972 die
936 1903 1103 1999 gedop-

114 2031 549 2134 peltelieeensio'n
575 2037 656 2108 der
681 2034 847 2107 Briefe
869 2035 947 2108 des
969 2043 1103 2132 Igna-

22 2215 23 2252 ;
113 2174 222 2246 tius
256 2171 406 2267 (Henlse
437 2173 615 2270 Megazin
643 2169 709 2243 fiir
739 2171 1105 2269 Religionsphiloso-

112 2310 228 2406 phio,
264 2313 428 2408 Exegese
460 2309 542 2382 und
572 2309 970 2408 Kirohengeschiehte,
1014 2279 1101 2382 Vol.

113 2451 217 2542 ιιι).
244 2485 296 2506 -

217 2583 475 2681 Adiungimus
508 2583 598 2654 huie
633 2583 723 2652 loco
760 2575 964 2669 ignatiano
990 2573 1107 2648 alium

117 2721 339 2792 Tertulliani
369 2718 414 2784 in
434 2714 540 2782 libro
561 2713 606 2780 de
635 2707 850 2806 praescript.
877 2707 1050 2784 haeretic.
1072 2737 1103 2785 c.

118 2857 208 2943 3⁶·›
236 2869 311 2942 quo
327 2863 454 2918 eontra
466 2847 683 2924 Haereticos
699 2863 879 2946 provocat
894 2845 941 2920 ad
956 2849 1103 2923 outlzen»

117 2989 216 3057 ticos
236 2979 500 3074 Apostolorum
523 2985 651 3061 literas
668 2987 711 3058 in
734 2985 900 3061 ecelesiis
923 2989 1102 3081 apostoli·

116 3119 184 3192 eis.
222 3121 347 3214 Quem
360 3113 483 3190 locum
496 3121 532 3195 b.
553 3122 806 3201 ariesbaclius
821 3145 906 3220 pag.
922 3125 1025 3232 697-
1040 3124 1099 3216 76.

118 3273 196 3328 tam
213 3249 365 3352 egregie
391 3247 572 3344 illustrat,
603 3277 649 3332 ut
675 3262 774 3332 clare
801 3257 891 3332 inde
916 3257 1100 3354 adpareat,

120 3389 346 3466 ominenticos
360 3375 447 3462 illas
463 3385 590 3464 literas
609 3397 830 3469 Tertulliano
853 3393 926 3468 hoc
950 3395 1102 3494 quidem

122 3527 206 3601 loco
220 3535 346 3622 neque
362 3523 595 3623 autographa
608 3528 877 3624 Apostolorum
891 3529 1023 3614 fuisse,
1038 3549 1104 3596 ne·

124 3685 193 3759 que
216 3687 347 3762 graeca
362 3661 619 3760 exemplario,
658 3665 748 3738 lieet
775 3663 1005 3740 vocabulum
1040 3687 1101 3734 aa·

127 3797 298 3874 nanticus
310 3801 352 3872 in
369 3823 407 3871 se
422 3815 630 3897 spectatum
647 3817 842 3896 utramque
859 3779 1099 3924 significatio·

128 3955 213 4008 uem
227 3937 421 4025 admittam
446 3937 510 4014 sed
519 3939 699 4039 genuino,
726 3958 790 4012 neo
806 3959 830 4007 α
845 3959 1025 4038 quoquam
1040 3941 1098 4012 cle·
