2752 4790
584 345 682 394 xxxix
745 387 757 408 ,

139 522 234 586 cern,
259 515 383 572 tamen
406 497 497 570 inde
510 495 570 568 nil
586 491 680 566 effici
703 521 813 592 posse
839 498 885 576 sd
906 501 1131 576 vindicanda

136 637 219 708 iura
243 636 285 706 in
313 658 470 708 omnem
503 626 702 706 ecclesiam
727 635 972 714 christianam
998 661 1019 708 a
1044 639 1128 710 sede

135 794 289 844 romana
314 787 460 840 temere
485 777 690 855 usurpata,
721 765 860 840 dudum
885 769 1044 842 docuere
1060 785 1128 842 no·

135 921 298 984 straten,
333 897 517 994 inprimis
537 893 768 968 Moshcmtus
783 903 827 970 ad
840 905 874 1000 h,
893 905 921 980 l.
937 905 994 996 (in
1004 905 1125 979 libro:

135 1039 186 1108 de
205 1037 323 1106 rebus
342 1028 643 1102 Christianorum
660 1045 751 1106 ente
768 1035 1052 1112 Constantinum
1068 1045 1125 1114 M.

140 1195 182 1264 p.
209 1169 294 1244 261.
317 1167 428 1260 sqq).
452 1199 504 1218 -
527 1161 701 1234 Primum
729 1163 850 1274 enim,
861 1165 925 1257 (ut
948 1173 1130 1244 nonnulla

134 1301 255 1376 modo
272 1299 477 1395 attingam)¹
490 1303 661 1371 irenaeus
681 1298 726 1369 de
744 1297 962 1398 antiquiori
983 1315 1133 1377 tantum

132 1455 173 1516 et
190 1435 310 1532 prime
328 1433 484 1506 ecclesia
504 1435 673 1510 Romana
686 1417 875 1530 loquitur,
892 1434 1054 1508 minime
1068 1460 1133 1510 au·

132 1591 212 1644 tem
242 1567 469 1642 deecclesia
499 1571 669 1640 Romana
692 1569 868 1658 omnium
898 1588 1065 1644 aetatum
1087 1588 1128 1644 et

134 1723 363 1804 temporum.
389 1741 443 1766 α-
467 1703 615 1782 Deinde
632 1703 780 1780 dedecet
794 1705 979 1803 profecto,
995 1705 1126 1804 inquit

131 1841 360 1916 Moshemius
384 1843 414 1913 1.
429 1864 483 1926 o.,
508 1839 613 1913 viros
634 1839 799 1914 eruditos
818 1859 856 1913 et
875 1841 1060 1939 sapientes
1075 1865 1124 1914 ex
1244 1875 1250 1898 =

134 1975 261 2050 verbis
275 1975 450 2048 obscuris
468 1991 507 2046 et
523 1973 680 2048 incertis
699 1975 893 2064 [habemus
917 1977 1020 2049 enim
1039 2001 1123 2050 mo·

135 2109 187 2181 do
205 2109 319 2182 verba
335 2108 448 2180 latini
461 2099 701 2206 interpretis,
727 2134 810 2182 non
825 2109 969 2180 Irenaei
985 2108 1123 2215 ipsius]

130 2245 273 2340 privati
286 2244 455 2320 hominis
482 2262 520 2317 et
544 2245 661 2317 unius
689 2244 851 2340 pusillae
878 2267 922 2342 ao
945 2241 1123 2340 pauperis

131 2380 305 2454 ecclesiae
336 2387 445 2480 [quae
470 2380 627 2454 consilii
645 2397 684 2452 et
706 2357 842 2460 odrdlii
867 2401 1046 2452 romanae
1063 2397 1122 2450 ec·

132 2514 285 2604 clasiae,
319 2479 478 2613 ma⁰gnae
509 2516 618 2596 iliius
651 2531 691 2586 et
715 2514 941 2604 opulentae,
967 2508 1125 2598 eiusque

130 2651 313 2722 antistitis
332 2651 592 2738 maximopere
610 2645 812 2742 indigeret]
823 2637 1004 2742 episcopi,
1030 2636 1123 2712 boni

135 2779 297 2876 quidem
308 2745 349 2852 ¹et
366 2777 437 2871 pii,
463 2799 597 2856 verum
614 2773 795 2848 mediocri
812 2774 984 2850 acumine
997 2795 1039 2848 ac
1059 2759 1127 2846 in:

132 2909 254 3012 genio
272 2911 428 3010 praediti
444 2911 599 3022 [quique
613 2909 841 3002 Eleutherio,
867 2931 952 2992 tum
970 2931 1119 3008 ternpo-

132 3051 187 3124 ris
212 3047 396 3142 episcopo.
415 3073 570 3126 romano
586 3075 725 3152 magna
747 3049 927 3128 beneficia
951 3047 1116 3148 deberet]

130 3187 191 3260 ius
210 3181 417 3282 publicum
434 3184 545 3258 totius
559 3153 737 3268 ecclesiae
758 3184 984 3266 christianae
1003 3201 1117 3278 atque

128 3320 296 3406 formam
321 3315 605 3415 gubernationis
618 3323 702 3396 eius
719 3349 739 3395 e
758 3319 909 3398 Christo
936 3315 1116 3416 praescri·

132 3475 237 3560 ptam
256 3454 405 3534 elicere.
457 3451 629 3548 Denique
649 3459 905 3542 Tertullianus,
933 3454 1005 3525 etsi
1023 3467 1118 3522 stre·

132 3617 232 3676 uuus
248 3589 491 3690 caeteroquin
510 3591 654 3664 Irenaei
674 3610 855 3678 sectator,
890 3591 935 3660 in
950 3585 1054 3658 libro
1073 3579 1117 3653 ds

133 3728 350 3826 praescript.
367 3727 449 3802 adv.
467 3722 645 3802 haeretic.
677 3750 709 3796 c.
722 3728 795 3818 36.
817 3721 919 3795 haud
936 3714 1116 3791 maiorem

135 3865 309 3960 ecciesiae
335 3887 511 3938 romanae
538 3858 802 3936 auctoritatem
820 3851 977 3936 tribuit,
1004 3875 1116 3950 quam
