2752 4790
615 392 647 434 X}

141 567 214 622 tem
229 549 386 644 periodo
411 565 480 618 tres
496 561 670 638 regnasse
689 561 814 616 censet
841 541 965 638 graeci
989 559 1115 610 textus
1155 571 1159 582 ·

137 685 334 794 editiones,
354 685 395 753 in
405 683 579 787 Aegypto
592 679 874 775 Hesychionom,
891 677 934 748 in
944 677 1031 748 Asia
1049 673 1118 746 mi-

136 821 222 892 nori
241 839 280 890 et
299 817 451 890 Graecia
476 818 707 897 tucioneam,
733 808 841 906 atrius
856 815 898 886 in
912 811 1119 884 Palaestina

140 959 442 1054 Origenionmm
468 949 614 1020 tertiam
629 943 792 1037 denique
806 949 996 1036 periodum
1014 973 1123 1043 quar.

142 1109 224 1160 tam
245 1083 429 1154 addidisse
446 1080 651 1152 editionem
668 1102 715 1148 ex
731 1062 924 1172 prioribus
938 1100 1055 1152 ortam
1070 1100 1122 1151 at·

145 1247 217 1316 que
231 1246 278 1291 ex
294 1251 386 1316 κοινῃ
405 1223 529 1326 inicos:
541 1215 824 1311 interpolatam.
841 1251 892 1322 -f
913 1214 1128 1286 Dolendum

141 1357 255 1428 modo
275 1373 351 1440 est,
379 1356 563 1453 Hugium,
590 1351 720 1424 virum
744 1349 1128 1445 praestantissimum,

139 1495 249 1564 docte
271 1490 423 1587 quidem
443 1489 503 1562 his
530 1486 575 1561 de
602 1488 712 1562 rebus
738 1487 1004 1571 disserentem,
1031 1485 1128 1554 hanc

141 1647 265 1702 textus
283 1627 406 1725 graeci
422 1625 620 1700 historiam
640 1645 721 1696 non
742 1623 834 1698 satis
858 1621 977 1694 firmis
993 1617 1126 1692 fundo·

140 1767 292 1854 mentis,
318 1766 440 1862 iisque
462 1762 536 1834 fide
557 1759 737 1836 historica
761 1755 1035 1843 corroboretis,
1064 1781 1125 1828 su-

140 1903 403 2000 perstruxissc,
430 1900 494 1972 sed
512 1871 614 1970 hand
627 1918 712 1971 raro
729 1894 1035 1971 Griesboohianas
1057 1895 1126 1983 hy·

142 2042 320 2152 potheses
350 2063 437 2110 cum
467 2036 571 2124 aliis,
613 2035 738 2130 iisque
763 2057 845 2103 non
879 2029 1128 2126 gravioribus,

145 2173 373 2246 coniecturis
383 2191 625 2270 permutasse.
654 2177 702 2246 In
719 2167 827 2244 tertia
843 2163 1009 2263 quidem,
1019 2187 1132 2259 quam

142 2317 234 2383 Ven.
258 2314 408 2411 Hugius
433 2309 589 2400 statuit,
624 2305 798 2406 periodo,
833 2303 1044 2400 permulta,
1071 2299 1145 2368 in·-

142 2448 274 2544 primis
292 2447 336 2518 de
360 2447 590 2545 cognatione
606 2445 779 2518 codicum
796 2457 835 2516 et
850 2436 1129 2520 recensionum,
1237 2513 1245 2530 ι

144 2585 288 2682 egregie
313 2610 355 2658 ac
378 2582 572 2658 subtiliter
594 2596 747 2660 monet,
783 2587 892 2642 antes
917 2593 938 2636 a
970 2565 1134 2638 Griesbo·

144 2722 225 2792 chio
242 2720 401 2812 aliisque
418 2735 499 2790 tam
512 2711 710 2808 perspicue
729 2722 766 2776 et
782 2719 948 2782 accurato
959 2677 1134 2772 noridum

149 2853 342 2922 observato
374 2865 412 2920 tt
446 2843 641 2944 exposita}
692 2867 762 2916 nec
793 2839 1028 2914 diffitendum
1063 2855 1132 2921 est,

146 2991 244 3060 Ven.
266 2985 531 3063 Griesbociu'um
560 2979 830 3081 cognationem
852 2977 1134 3051 nonnullorum
1181 2937 1185 2954 ¹

146 3121 325 3197 codicum
348 3121 522 3196 maiorem
547 3139 634 3197 onte
659 3118 737 3192 sibi
760 3115 920 3192 finxisse
944 3135 986 3182 ac
1007 3107 1136 3205 propi-

147 3285 268 3346 orem,
295 3279 408 3356 quam
427 3278 538 3344 nunc,
563 3229 633 3330 hoo
649 3279 689 3329 re
713 3251 922 3328 accuratius
939 3247 985 3318 ob
1003 3247 1135 3342 Hegio

148 3396 340 3492 exposita,
383 3389 523 3486 cuique
553 3353 732 3488 adpareat,
774 3425 826 3448 -
868 3385 919 3458 At
942 3381 1136 3454 enimvero

153 3529 407 3608 Griesbochius
425 3527 469 3598 in
482 3526 592 3596 docta
609 3522 926 3607 commentatione
940 3525 1037 3590 Ven.
1057 3517 1137 3582 Hu-

151 3673 217 3770 gio
237 3667 413 3762 opposita
430 3665 486 3758 (in
501 3665 761 3770 commentario
788 3661 911 3739 critico
936 3645 1069 3747 partic.
1083 3653 1134 3718 11.

153 3831 235 3902 pag.
258 3809 357 3875 XLI.
377 3804 474 3898 sqq.)
490 3824 572 3874 non
588 3797 700 3870 modo
715 3797 931 3866 luculenter
946 3809 1137 3860 common·

160 3941 311 4026 stravit,
339 3945 430 4012 Ven.
454 3940 645 4039 Hugium,
681 3927 854 4028 quamvis
876 3923 946 4022 ipsi
966 3949 1031 4020 por
1056 3941 1138 3996 oni·
