2752 4790
427 1121 898 1232 Praefatid

267 1403 438 1472 Alterum
454 1401 527 1471 hoe
544 1397 817 1493 opusculorum
836 1395 1061 1470 Griesboehii
1073 1423 1154 1496 aea-

165 1537 401 1606 demicorum
415 1538 597 1610 volumen
613 1535 795 1629 plurimas
820 1533 854 1605 b.
870 1535 946 1604 viri
963 1559 1152 1607 commen·

164 1673 331 1742 tationes
379 1672 562 1745 continet.
624 1671 793 1740 Primum
831 1671 960 1742 locum
991 1688 1152 1766 occupat

166 1809 539 1902 eonmrentatio,ipse
549 1806 722 1878 omnium
737 1803 847 1876 facile
860 1807 1049 1902 princeps,
1058 1831 1152 1902 quae

168 1944 392 2016 inscribitur
424 1950 605 2017 curarum
627 1945 664 2012 in
690 1941 878 2014 historiam
892 1958 1013 2042 textus
1026 1945 1154 2043 groeci

170 2082 407 2176 epistolarum
425 2079 535 2151 Pauli
557 2081 734 2174 specimen
757 2085 813 2160 1.,
840 2077 983 2148 duabus
1001 2077 1155 2170 quidem

171 2213 342 2309 partibus
370 2231 565 2300 constans,
602 2237 763 2308 quarum
793 2210 958 2307 priorem
987 2208 1157 2282 defendit

176 2348 426 2436 Griesbachius
441 2372 510 2444 pro
537 2348 754 2456 obtinendis
772 2350 930 2421 summis
949 2347 992 2418 in
1007 2349 1156 2420 theolo-

171 2483 232 2579 gia
255 2485 484 2572 honoribus,
518 2485 772 2580 posteriorem
800 2501 926 2552 autem
948 2507 1018 2572 pro
1041 2483 1159 2572 impe-

172 2619 304 2692 trando
321 2622 407 2692 loco
426 2621 469 2690 in
483 2620 626 2689 Ordine
642 2619 930 2704 Theologorum
946 2588 1166 2684 ¹lenensium¹

171 2761 216 2826 A.
245 2761 286 2824 C.
312 2744 826 2822 mummuli-Haud
840 2744 990 2842 quidem
1008 2745 1159 2819 defuere

174 2885 255 2958 viri
278 2881 401 2970 docti,
431 2882 496 2978 qui
514 2881 589 2954 iam
614 2901 722 2954 anteo
748 2881 933 2955 eiusmodi
956 2882 1158 2955 historiam

175 3034 307 3089 textus
322 3023 371 3086 N.
386 3023 431 3090 T.
451 3020 695 3108 elaborarent,
718 3019 818 3090 inter
836 3043 931 3116 quos
944 3017 1160 3090 eminebant

175 3152 384 3228 Richardus
401 3153 574 3230 Simonius
588 3176 701 3253 atque
724 3163 782 3230 Io.
807 3157 952 3228 Millius
970 3154 1013 3224 in
1033 3155 1160 3226 Prole·

176 3289 347 3386 gomenis
364 3285 410 3356 od
426 3283 624 3364 editionem
639 3299 688 3364 N.
705 3295 750 3362 T.
771 3289 953 3377 criticam,
980 3315 1161 3387 quorum·

176 3451 249 3522 que
280 3423 380 3495 euris
406 3419 542 3492 sedulo
571 3425 742 3498 utebatur
773 3423 1034 3500 Griesbacbius.
1089 3426 1161 3497 Sed

175 3585 316 3632 novam
336 3557 398 3629 hic
422 3555 595 3628 tentabat
617 3559 716 3630 viam
740 3561 787 3631 ad
816 3560 1083 3656 perficiendam
1103 3558 1160 3628 hi-

178 3695 338 3770 storiam
356 3710 482 3764 textus
506 3699 554 3763 N.
576 3696 632 3778 ,Τ.
665 3693 958 3792 detegendasque
985 3691 1160 3788 inprimis

178 3832 365 3906 variarum
396 3831 653 3918 tectoriorum,
689 3853 780 3923 quos
797 3845 956 3914 vocant,
984 3829 1159 3928 origines,

180 3985 289 4062 atque
305 3963 892 4064 constituendasredigendasque
909 3987 1034 4040 earum
1052 3965 1161 4040 femi·
