2752 4790
616 402 700 447 Lxxt·

169 554 532 650 argumentationem
552 551 771 626 Griesbochii
791 559 836 628 de
858 579 955 636 reete
977 566 1146 648 forman-

165 688 209 758 rla
231 707 268 760 et
292 706 465 762 accurate
491 681 699 756 definienda
722 693 881 764 notione
905 700 1146 794 inspirationis

168 829 204 892 s.
235 830 293 907 S„
327 820 486 914 proprie
508 819 562 890 sic
587 817 721 904 dietae,
747 830 921 918 repellere
945 836 1145 912 valeamus.
1197 836 1203 846 '

166 961 267 1026 Rem
282 979 392 1024 suam
408 953 536 1045 potius
551 951 613 1022 vir
630 951 698 1022 ille
717 962 1046 1050 perspicacissimus
1056 999 1147 1068 per.

172 1109 290 1182 quam
314 1085 457 1182 egregie
480 1089 597 1182 egisse
633 1091 844 1168 censendos
868 1094 956 1184 est,
994 1122 1075 1178 tum
1104 1111 1148 1183 in

181 1239 281 1292 recte
300 1221 526 1314 explicandis
550 1223 713 1318 singulis
738 1227 782 1298 in
807 1230 905 1304 hano
927 1259 1007 1307 rem
1033 1241 1151 1318 allatis

171 1361 217 1428 N.
241 1355 283 1427 Τ.
300 1357 417 1444 loeis,
444 1373 527 1428 tum
542 1357 585 1428 in
610 1358 811 1436 refutando
831 1366 944 1443 'irrito
963 1375 1151 1470 antiquio.

169 1515 254 1566 nun
277 1493 544 1588 theologorum
567 1519 612 1564 ex
636 1497 751 1571 variis
776 1505 811 1572 S.
835 1507 868 1576 S.
891 1506 989 1580 locis
1020 1514 1152 1610 vulga·

164 1651 246 1699 tem
263 1629 309 1698 de
324 1629 535 1701 universali
549 1631 810 1726 theopneustia
830 1641 959 1714 stricte
981 1645 1151 1721 aiodian

163 1764 390 1835 sententiam
423 1769 671 1861 extorquendi
694 1788 852 1860 conatu,
893 1779 1149 1866 salvatamen

165 1901 430 1995 theopneustia
445 1903 526 1997 ipsa
544 1920 583 1972 et
599 1907 706 1976 salvo
722 1909 863 1984 auxilio
880 1913 1108 1992 miraculoso
1127 1947 1147 1992 e
1196 1919 1200 1940 “

168 2037 314 2128 Spiritu
333 2054 463 2108 sancto
486 2039 678 2132 Apostolis
695 2045 892 2134 praestito,
928 2043 1013 2122 tuor
1031 2053 1073 2122 in
1087 2053 1148 2129 dte
1195 2043 1199 2066 '

171 2175 405 2242 Penteoostes
420 2170 515 2244 festo
533 2175 630 2271 ipso,
658 2191 744 2248 tum
762 2153 932 2272 specialis
954 2186 1149 2260 revelatio·

164 2306 230 2377 nis
245 2307 395 2408 ‹iivinae
410 2333 492 2406 ope.
535 2318 755 2409 Quanquam
773 2316 876 2390 enim
902 2320 1152 2398 Griesbachios

164 2443 266 2514 haud
281 2469 398 2541 pauca
418 2453 466 2518 N.
488 2421 534 2520 T}
551 2450 646 2538 loce,
674 2476 768 2545 quae
783 2453 1010 2544 plerumque
1028 2476 1151 2528 essent

164 2579 215 2648 ad
230 2582 538 2676 theopneustiam
552 2586 707 2674 proprie
724 2584 781 2654 sie
798 2583 938 2654 dietam
954 2608 976 2654 a
990 2586 1152 2660 Theolo-

170 2715 230 2802 g‘rs
246 2713 385 2793 relata,'
408 2735 510 2780 nova
524 2713 574 2780 iis
588 2713 673 2781 luoe
691 2703 843 2796 noemia
861 2715 914 2789 ita
939 2721 1151 2798 collustras-

177 2856 254 2924 set,
280 2859 324 2912 ut
340 2841 484 2931 omnis,
523 2869 617 2942 quoe
633 2847 721 2920 inde
740 2869 951 2945 peteretur,
984 2859 1042 2933 vis
1064 2887 1151 2956 pro·

172 2974 290 3046 bandi
304 2999 549 3072 evanesceret,
581 3003 693 3082 atqpe
709 3003 788 3069 toto
804 2988 885 3063 fere
897 3013 1022 3080 retus,
1051 3022 1070 3068 a
1087 3005 1108 3076 J
1110 3025 1151 3070 u-

164 3111 274 3184 daeis
297 3137 340 3182 ac
359 3123 553 3194 nonnullis
569 3125 761 3212 Patribus,
798 3153 895 3223 quos
915 3135 1083 3218 vocant}
1104 3133 1151 3208 ad

171 3274 244 3322 nos
277 3249 463 3320 translata
492 3271 530 3322 et
559 3261 761 3334 artificiose
790 3261 928 3350 efficta,
974 3267 1150 3341 doctrina
1239 3281 1243 3292 '

172 3382 217 3456 de
241 3385 454 3458 universali
481 3387 737 3483 theopneustie
768 3423 837 3492 per
859 3365 1076 3474 universam
1096 3425 1151 3480 st·

173 3547 274 3594 oram
290 3523 519 3617 scripturam
535 3521 663 3600 diffusa
679 3557 757 3602 uno
778 3535 884 3627 qussi
902 3535 984 3606 ictu
1005 3559 1151 3610 corrue·

170 3679 248 3744 ret,
282 3659 442 3754 speeiem
472 3677 601 3732 tamen
631 3668 808 3740 tenendae
831 3695 873 3740 ac
899 3668 1150 3750 defendendae

176 3795 419 3868 orthodoxiae
438 3820 507 3891 pro
523 3823 632 3871 more
650 3821 717 3870 suo
734 3801 776 3870 in
791 3805 861 3873 heo
881 3801 994 3873 etiam
1017 3803 1150 3886 doctri-

181 3953 227 4002 na
244 3955 390 4007 servare
409 3933 573 4022 εῑιιεὶιιίῑ,ι
601 3931 789 4006 haerendo
809 3936 852 4006 in
876 3940 1066 4031 eventibus
1088 3971 1151 4016 ex·

351 4089 370 4132 ο
