2752 4790
747 368 775 406 11
1124 397 1132 424 ,

276 520 355 590 lias.
412 487 598 614 Quantam
614 540 765 612 operam
781 515 1010 604 adhibuerit,
1046 539 1258 617 quantaque

273 679 362 727 usus
379 655 431 726 sit
452 654 512 724 vir
528 653 868 747 perspicacissimus
887 649 1080 725 iudicandi
1106 657 1257 729 subtili·

273 808 348 860 tate
371 790 413 858 in
443 789 669 884 pertexenda
700 789 768 858 hac
799 789 954 860 historia
983 807 1107 862 textus
1126 798 1175 862 N.
1196 798 1254 878 T.‚

266 924 369 1011 inter
395 947 526 994 omnes
550 940 720 1003 constat;¹
758 948 829 990 nec
856 943 931 1008 est,
961 925 1063 1016 quod
1089 927 1190 999 riam
1214 949 1255 996 ac

267 1033 476 1145 rationem,
504 1039 616 1150 qdam
630 1054 672 1122 in
689 1051 760 1122 hoc
774 1053 930 1147 negotio
947 1056 1081 1126 critico
1106 1080 1256 1132 secutus

269 1213 324 1266 ast
340 1188 599 1270 Griesbachius,
616 1165 806 1278 copiosius
827 1185 887 1256 hic
901 1185 1120 1274 describam,
1138 1217 1257 1285 quum

268 1332 347 1419 ipse
369 1319 582 1392 uberiorem
607 1321 820 1416 argumenti
834 1321 947 1393 huius
970 1328 1255 1396 commentatio-

265 1459 327 1530 nis
354 1471 601 1550 conspectum
627 1456 873 1550 praemiserit.
902 1495 951 1514 -
977 1459 1154 1530 Substitit
1174 1462 1256 1557 qui-

267 1595 353 1663 dem
369 1591 429 1661 vir
445 1589 689 1664 doctissimus
709 1593 750 1663 in
769 1589 913 1663 edendo
936 1591 1062 1688 primo
1085 1595 1158 1666 hoc
1172 1621 1253 1686 spe·

268 1728 429 1814 cimina,
458 1749 527 1798 nec
549 1723 693 1822 prodiit
710 1727 900 1822 specimen
918 1731 1122 1812 secundum,
1152 1733 1253 1826 quod

1362 1243 1368 1299 i

1360 1312 1367 1359 i

1358 1396 1365 1458 ἕ

1362 1492 1369 1524 r

268 1888 316 1934 ex
327 1862 517 1958 promisso
528 1861 564 1934 b.
581 1862 657 1935 viri
674 1863 714 1933 in
731 1861 938 1958 praemisso
952 1881 1155 1961 conspectu
1166 1868 1253 1938 dato
1361 1852 1366 1868 ⁸

268 1998 459 2070 exhiberet
490 2015 568 2068 tam
603 2015 812 2071 accuratam
846 1997 1140 2097 descriptionem
1164 2003 1251 2076 dua·

220 2201 229 2210 ,
267 2157 353 2204 rum
390 2133 652 2205 recensionum
691 2137 862 2206 omnium
892 2137 1253 2232 antiquissimarum,

266 2272 532 2342 olcaearrdriuoe
574 2267 720 2340 scilicet
751 2289 875 2366 atque*
895 2273 1148 2358 occidentalis,
1185 2300 1255 2346 nec

267 2426 348 2478 non
373 2403 549 2478 codicum
574 2405 717 2477 calamo
742 2421 999 2494 exaratorum,
1032 2407 1253 2480 versionum

267 2543 512 2630 antiquarum
532 2561 570 2613 et
595 2547 750 2616 Petrum
779 2541 825 2615 ad
852 2560 1049 2640 utramque
1071 2545 1253 2616 recensio-

265 2693 355 2740 nem
386 2670 691 2764 antiquissimam
714 2681 1006 2769 pertinentium,
1040 2704 1152 2776 quam
1184 2703 1252 2750 no-

262 2825 355 2874 vam
382 2800 520 2871 criseos
546 2823 668 2872 sacrae
692 2807 877 2876 thco'riam
901 2811 1093 2882 historicis
1128 2815 1251 2888 obser-

266 2935 487 3011 vationibus
509 2929 728 3020 suffultam,
757 2937 931 3008 cuiusad
951 2940 1056 3040 -leges
1081 2963 1119 3016 et
1144 2971 1251 3040 regu.
1322 3032 1323 3036 Ἰ

207 3063 212 3068 ’
264 3075 320 3143 las
341 3069 608 3144 examinandae
629 3087 752 3142 essent
769 3073 1003 3186 recensiones
1022 3095 1188 3148 vetustae
1213 3099 1250 3150 et
1319 3082 1323 3118 '¹

268 3207 538 3301 comparandae
558 3225 641 3278 tum
661 3207 761 3276 inter
775 3231 831 3292 se,
859 3227 941 3286 tum
956 3235 1041 3281 cum
1056 3228 1164 3285 textu
1182 3217 1247 3286 ho·

267 3345 412 3415 diemo.
465 3329 719 3414 Veruntamen
737 3366 816 3417 rem
835 3346 953 3443 ipsam
970 3342 1069 3416 haud
1086 3347 1249 3422 deseruit

266 3483 326 3554 vir
342 3479 624 3566 celeberrimum
639 3523 644 3530 ·
658 3493 786 3553 totum
812 3482 938 3578 potius
957 3481 1029 3552 hoc
1051 3507 1247 3582 argumen-

265 3631 350 3686 tum
389 3616 595 3691 accuratius
621 3617 865 3712 pertractarit
892 3634 977 3688 tum
1003 3619 1045 3690 in
1072 3623 1247 3723 symbolis

267 3754 396 3822 criticis
411 3753 828 3828 duobusvoluminibus
845 3758 1136 3848 comprehensis,
1161 3777 1243 3832 tum

264 3885 307 3957 in
332 3889 605 3988 Prolegomenis
634 3889 793 3962 editioni
824 3888 973 3960 criticae
994 3898 1041 3962 N.
1067 3899 1110 3963 T.
1138 3920 1241 3989 prae·
