2752 4790
576 356 653 396 ant

16 505 18 514 ζ
125 523 223 616 ritus
239 513 386 596 Sancti,
414 509 473 580 die
492 512 731 576 Pentecostes
757 501 950 598 Apostolis
968 499 1105 598 illapsi,

126 655 184 734 his
202 670 345 748 praeter
364 647 511 718 donum
526 639 740 730 linguarum
754 655 791 706 et
807 637 1023 737 facultatem
1037 633 1106 702 mi.

123 790 248 860 racula
282 778 459 882 patrandi
490 771 710 866 obtigerunt
735 771 836 842 dotes
870 768 988 837 animi
1018 768 1109 836 insi-

123 947 216 1022 gnes
240 937 277 988 et
304 907 627 1006 supernaturales,
662 901 797 996 quibua
818 905 861 972 ad
892 903 1107 972 tradendam

125 1052 346 1145 doctrinam
362 1042 601 1134 christianam
620 1060 716 1136 opus
735 1051 832 1106 esset
850 1023 1109 1128 ipsisjutpote

130 1181 351 1258 hominibus
365 1176 537 1274 plebeiis,
564 1159 729 1240 indoctis
751 1187 792 1238 et
813 1167 1041 1250 subtimidis‚
1068 1188 1110 1237 ut

131 1317 320 1391 doctrinae
336 1309 508 1406 coelestis
526 1330 711 1378 summam
726 1305 809 1374 tuin
825 1301 973 1387 multo,
1003 1279 1115 1396 quem

128 1473 257 1536 antea,
296 1447 445 1546 plenius
461 1468 502 1516 ac
517 1442 686 1538 penitius
710 1415 1017 1536 cognoscerent,⁴
1033 1455 1115 1504 tum
1152 1483 1158 1494 .

122 1592 167 1689 ad
186 1613 266 1678 eam
282 1581 500 1668 tradendam
527 1573 788 1671 miraculisque
814 1569 1112 1672 confirmandam

126 1727 242 1822 magis
268 1718 396 1792 idonei
427 1715 680 1828 redderentur.
733 1715 864 1804 Itaque
887 1699 1111 1777 effusionem

126 1860 286 1955 Spiritus
298 1853 435 1942 Sancti,
454 1849 645 1951 existimat
655 1845 807 1948 Auctor,
824 1867 895 1914 uno
907 1846 1007 1940 quasi
1023 1860 1110 1913 actu

128 1995 345 2066 miraculoso
370 1988 488 2059 fuisse
518 1983 747 2063 absolutam,
783 2001 1007 2075 quamquam
1031 1976 1111 2079 eius

132 2125 288 2198 effectus
327 2118 581 2220 perduraverit
591 2145 602 2201 ;
652 2107 823 2210 ‚afflatum
862 2125 986 2177 autem
1020 2107 1114 2175 divi·
1221 2181 1223 2184 ¹
1296 2147 1298 2154 ,

128 2288 243 2344 num,
290 2257 356 2362 qui
388 2255 658 2354 theopnenstiae
689 2247 843 2339 nomine
870 2241 1113 2344 insigniatur,

131 2397 275 2492 saepius
294 2397 520 2494 repetitisque
542 2387 680 2464 vicibus
704 2388 803 2480 (non
821 2353 950 2451 minus
975 2403 1015 2447 ac
1039 2373 1113 2444 effi-

132 2533 267 2604 caciam
291 2528 554 2626 providentiae
569 2520 753 2625 Numinis
776 2489 1006 2602 ordinariae)
1023 2514 1119 2598 Apo-

129 2669 240 2740 stolis
267 2663 471 2758 obtigisse,
500 2677 614 2748 atque
646 2652 692 2717 ad
720 2669 780 2714 eas
808 2647 991 2746 spectasse
1023 2637 1120 2708 veri-

136 2797 227 2868 tatis
251 2785 403 2860 divinae
427 2807 569 2886 partes,
598 2765 691 2880 quae
717 2799 815 2852 certo
839 2777 1000 2880 quodam
1027 2791 1119 2844 tem·

132 2951 229 3028 pore
246 2943 281 2995 et
296 2925 378 2998 loco
395 2923 636 3024 exponendae
653 2935 787 2992 essent.
835 2891 1030 3012 Quaesivit
1044 2911 1117 3006 igi-

101 3161 108 3174 ·
135 3087 199 3137 tur
233 3057 478 3136 Griesbachius
506 3045 743 3140 ῥεοπνευσῃαυ
769 3054 811 3124 in
839 3023 1119 3154 n'ovisfflaaettiis

140 3202 288 3281 divinis,
318 3216 412 3298 quae
432 3192 566 3288 inipso
589 3195 793 3292 scriptionis
817 3169 1000 3286 atramento
1017 3203 1119 3280 prae-

143 3357 200 3408 sto
224 3329 390 3414 fuerint,
419 3344 463 3397 ut
480 3321 519 3396 hi
532 3329 620 3400 libri
651 3327 745 3400 sacri
767 3341 833 3396 aut
859 3323 991 3425 saltem
1012 3337 1121 3410 quae·

142 3476 230 3546 dum
244 3449 377 3540 eorum
393 3480 520 3560 partes
546 3462 590 3530 ad
615 3469 738 3535 Deum
759 3461 905 3558 ipsum,
941 3469 1121 3546 tanquam

144 3625 340 3689 auctorem,
369 3617 467 3701 recte
483 3595 619 3695 referri
633 3613 808 3694 possent3
824 3592 999 3693 Paullum
1018 3577 1123 3649 enim

147 3747 265 3838 ipsam
286 3737 512 3834 scripturam
526 3755 665 3804 sacram
681 3729 864 3828 appellare
882 3739 1122 3801 &scavanorum

152 3879 244 3948 unde
271 3899 437 3974 pronum
471 3873 540 3958 sit,
577 3866 677 3939 haud
701 3860 864 3938 sufficere
891 3855 942 3964 ²ad
972 3867 1123 3930 θεοπνευ-
