<?xml version="1.0" encoding="UTF-8"?>
<!DOCTYPE html PUBLIC "-//W3C//DTD XHTML 1.0 Transitional//EN"
    "http://www.w3.org/TR/xhtml1/DTD/xhtml1-transitional.dtd">
<html xmlns="http://www.w3.org/1999/xhtml" xml:lang="en" lang="en">
 <head>
  <title>
</title>
<meta http-equiv="Content-Type" content="text/html;charset=utf-8" />
  <meta name='ocr-system' content='tesseract 3.04.00' />
  <meta name='ocr-capabilities' content='ocr_page ocr_carea ocr_par ocr_line ocrx_word'/>
</head>
<body>
  <div class='ocr_page' id='page_1' title='image "./ioiacobigriesba01griegoog_0110.png"; bbox 0 0 2722 4806; ppageno 0'>
   <div class='ocr_carea' id='block_1_1' title="bbox 752 435 857 480">
    <p class='ocr_par' dir='ltr' id='par_1_1' title="bbox 752 435 857 480">
     <span class='ocr_line' id='line_1_1' title="bbox 752 435 857 480; baseline 0.048 -5"><span class='ocrx_word' id='word_1_1' title='bbox 752 435 857 480; x_wconf 73' lang='lat' dir='ltr'><strong>chlll</strong></span> 
     </span>
    </p>
   </div>
   <div class='ocr_carea' id='block_1_2' title="bbox 204 591 1298 1098">
    <p class='ocr_par' dir='ltr' id='par_1_2' title="bbox 311 591 1297 806">
     <span class='ocr_line' id='line_1_2' title="bbox 311 591 1297 688; baseline -0.01 -20"><span class='ocrx_word' id='word_1_2' title='bbox 311 595 389 672; x_wconf 88' lang='lat' dir='ltr'><strong>culi</strong></span> <span class='ocrx_word' id='word_1_3' title='bbox 423 611 557 666; x_wconf 82' lang='lat' dir='ltr'><strong>octavo</strong></span> <span class='ocrx_word' id='word_1_4' title='bbox 593 591 799 688; x_wconf 66' lang='lat' dir='ltr'><strong>scriptum</strong></span> <span class='ocrx_word' id='word_1_5' title='bbox 843 614 911 663; x_wconf 87' lang='lat' dir='ltr'><strong>nec</strong></span> <span class='ocrx_word' id='word_1_6' title='bbox 943 597 1025 666; x_wconf 86' lang='lat' dir='ltr'><strong>non&#39;</strong></span> <span class='ocrx_word' id='word_1_7' title='bbox 1070 618 1157 667; x_wconf 85' lang='lat' dir='ltr'><strong>ven.</strong></span> <span class='ocrx_word' id='word_1_8' title='bbox 1185 603 1297 672; x_wconf 63' lang='grc' dir='ltr'><em>Ηεῑη.</em></span> 
     </span>
     <span class='ocr_line' id='line_1_3' title="bbox 313 725 1297 806; baseline -0.003 -4"><span class='ocrx_word' id='word_1_9' title='bbox 313 729 438 803; x_wconf 79' lang='lat' dir='ltr'><strong>riclrsir&#39;</strong></span> <span class='ocrx_word' id='word_1_10' title='bbox 463 733 616 803; x_wconf 85' lang='lat' dir='ltr'><strong>Excurs.</strong></span> <span class='ocrx_word' id='word_1_11' title='bbox 651 732 680 798; x_wconf 85' lang='lat'><strong>1.</strong></span> <span class='ocrx_word' id='word_1_12' title='bbox 711 725 759 796; x_wconf 88' lang='lat' dir='ltr'><strong>ad</strong></span> <span class='ocrx_word' id='word_1_13' title='bbox 787 729 1109 802; x_wconf 80' lang='lat' dir='ltr'><strong>commentarium</strong></span> <span class='ocrx_word' id='word_1_14' title='bbox 1134 731 1178 801; x_wconf 89' lang='lat' dir='ltr'><strong>in</strong></span> <span class='ocrx_word' id='word_1_15' title='bbox 1204 735 1297 806; x_wconf 74' lang='lat' dir='ltr'><strong>Acta</strong></span> 
     </span>
    </p>

    <p class='ocr_par' dir='ltr' id='par_1_3' title="bbox 232 861 1298 963">
     <span class='ocr_line' id='line_1_4' title="bbox 232 861 1298 962; baseline 0 -24"><span class='ocrx_word' id='word_1_16' title='bbox 232 872 238 886; x_wconf 95' lang='lat'><em>&#39;</em></span> <span class='ocrx_word' id='word_1_17' title='bbox 313 866 588 962; x_wconf 82' lang='lat' dir='ltr'><strong>Apostolorum</strong></span> <span class='ocrx_word' id='word_1_18' title='bbox 607 862 713 956; x_wconf 85' lang='lat' dir='ltr'><strong>(edit.</strong></span> <span class='ocrx_word' id='word_1_19' title='bbox 725 861 941 962; x_wconf 86' lang='lat' dir='ltr'><strong>Koppianae</strong></span> <span class='ocrx_word' id='word_1_20' title='bbox 953 866 1037 936; x_wconf 88' lang='lat' dir='ltr'><strong>Vol.</strong></span> <span class='ocrx_word' id='word_1_21' title='bbox 1059 867 1298 962; x_wconf 87' lang='lat' dir='ltr'><strong>III.)-par-</strong></span> 
     </span>
    </p>

    <p class='ocr_par' dir='ltr' id='par_1_4' title="bbox 204 973 1298 1098">
     <span class='ocr_line' id='line_1_5' title="bbox 204 973 1298 1098; baseline 0.004 -28"><span class='ocrx_word' id='word_1_22' title='bbox 204 973 207 981; x_wconf 29' lang='lat'>¹</span> <span class='ocrx_word' id='word_1_23' title='bbox 314 1001 380 1072; x_wconf 90' lang='lat' dir='ltr'><strong>tic.</strong></span> <span class='ocrx_word' id='word_1_24' title='bbox 405 1005 454 1072; x_wconf 91' lang='lat'><strong>11.</strong></span> <span class='ocrx_word' id='word_1_25' title='bbox 473 1025 556 1098; x_wconf 82' lang='lat' dir='ltr'><strong>pag.</strong></span> <span class='ocrx_word' id='word_1_26' title='bbox 583 1023 668 1098; x_wconf 78' lang='lat'><strong>239.</strong></span> <span class='ocrx_word' id='word_1_27' title='bbox 696 1021 776 1092; x_wconf 86' lang='lat' dir='ltr'><strong>sqq.</strong></span> <span class='ocrx_word' id='word_1_28' title='bbox 797 999 908 1068; x_wconf 87' lang='lat' dir='ltr'><strong>-de</strong></span> <span class='ocrx_word' id='word_1_29' title='bbox 932 1003 1017 1072; x_wconf 90' lang='lat' dir='ltr'><strong>Iesu</strong></span> <span class='ocrx_word' id='word_1_30' title='bbox 1036 975 1184 1072; x_wconf 82' lang='lat' dir='ltr'><strong>Christo</strong></span> <span class='ocrx_word' id='word_1_31' title='bbox 1213 1028 1298 1074; x_wconf 82' lang='lat' dir='ltr'><strong>coc·</strong></span> 
     </span>
    </p>
   </div>
   <div class='ocr_carea' id='block_1_3' title="bbox 312 1133 1296 1362">
    <p class='ocr_par' dir='ltr' id='par_1_5' title="bbox 312 1133 1296 1362">
     <span class='ocr_line' id='line_1_6' title="bbox 314 1133 1293 1231; baseline -0.003 -23"><span class='ocrx_word' id='word_1_32' title='bbox 314 1137 398 1208; x_wconf 90' lang='lat' dir='ltr'><strong>lum</strong></span> <span class='ocrx_word' id='word_1_33' title='bbox 429 1136 598 1218; x_wconf 87' lang='lat' dir='ltr'><strong>sublato,</strong></span> <span class='ocrx_word' id='word_1_34' title='bbox 640 1133 684 1202; x_wconf 86' lang='lat' dir='ltr'><strong>ad</strong></span> <span class='ocrx_word' id='word_1_35' title='bbox 707 1140 786 1202; x_wconf 82' lang='lat' dir='ltr'><strong>Act.</strong></span> <span class='ocrx_word' id='word_1_36' title='bbox 814 1133 851 1213; x_wconf 85' lang='lat'><strong>1,</strong></span> <span class='ocrx_word' id='word_1_37' title='bbox 883 1157 1070 1220; x_wconf 78' lang='lat'><strong>1-11·‚</strong></span> <span class='ocrx_word' id='word_1_38' title='bbox 1107 1155 1217 1231; x_wconf 88' lang='lat' dir='ltr'><strong>atque</strong></span> <span class='ocrx_word' id='word_1_39' title='bbox 1259 1145 1293 1211; x_wconf 84' lang='lat' dir='ltr'><strong>S.</strong></span> 
     </span>
     <span class='ocr_line' id='line_1_7' title="bbox 312 1263 1296 1362; baseline 0.001 -20"><span class='ocrx_word' id='word_1_40' title='bbox 312 1271 548 1344; x_wconf 75' lang='lat' dir='ltr'><strong>V.1{uinoelii</strong></span> <span class='ocrx_word' id='word_1_41' title='bbox 566 1263 880 1336; x_wconf 86' lang='lat' dir='ltr'><strong>commentarium</strong></span> <span class='ocrx_word' id='word_1_42' title='bbox 899 1264 941 1333; x_wconf 88' lang='lat' dir='ltr'><strong>in</strong></span> <span class='ocrx_word' id='word_1_43' title='bbox 957 1269 1160 1362; x_wconf 84' lang='lat' dir='ltr'><strong>Evangelia</strong></span> <span class='ocrx_word' id='word_1_44' title='bbox 1177 1274 1296 1343; x_wconf 87' lang='lat' dir='ltr'><strong>Marci</strong></span> 
     </span>
    </p>
   </div>
   <div class='ocr_carea' id='block_1_4' title="bbox 315 1343 1360 1499">
    <p class='ocr_par' dir='ltr' id='par_1_6' title="bbox 315 1343 1360 1506">
     <span class='ocr_line' id='line_1_8' title="bbox 315 1343 1360 1499; baseline -0.021 -22"><span class='ocrx_word' id='word_1_45' title='bbox 315 1423 352 1476; x_wconf 83' lang='lat' dir='ltr'><strong>et</strong></span> <span class='ocrx_word' id='word_1_46' title='bbox 369 1389 524 1484; x_wconf 81' lang='lat' dir='ltr'><strong>Lucae‚·¹</strong></span> <span class='ocrx_word' id='word_1_47' title='bbox 538 1383 585 1470; x_wconf 50' lang='lat' dir='ltr'><strong>ad¹</strong></span> <span class='ocrx_word' id='word_1_48' title='bbox 602 1404 720 1472; x_wconf 85' lang='lat' dir='ltr'><strong>Marc.</strong></span> <span class='ocrx_word' id='word_1_49' title='bbox 739 1402 844 1484; x_wconf 87' lang='lat' dir='ltr'>XVI,</span> <span class='ocrx_word' id='word_1_50' title='bbox 876 1422 933 1494; x_wconf 88' lang='lat'><strong>19.</strong></span> <span class='ocrx_word' id='word_1_51' title='bbox 956 1421 1015 1474; x_wconf 88' lang='lat'><strong>20.</strong></span> <span class='ocrx_word' id='word_1_52' title='bbox 1033 1401 1105 1494; x_wconf 77' lang='lat' dir='ltr'><strong>(ed.</strong></span> <span class='ocrx_word' id='word_1_53' title='bbox 1125 1427 1160 1477; x_wconf 87' lang='lat'><strong>2.</strong></span> <span class='ocrx_word' id='word_1_54' title='bbox 1186 1429 1294 1499; x_wconf 58' lang='lat'><strong>1317,</strong></span> <span class='ocrx_word' id='word_1_55' title='bbox 1357 1343 1360 1446; x_wconf 78' lang='lat' dir='ltr'><strong>l</strong></span> 
     </span>
    </p>
   </div>
   <div class='ocr_carea' id='block_1_5' title="bbox 195 1538 1360 3227">
    <p class='ocr_par' dir='ltr' id='par_1_7' title="bbox 315 1538 717 1634">
     <span class='ocr_line' id='line_1_9' title="bbox 315 1538 717 1634; baseline -0.005 -26"><span class='ocrx_word' id='word_1_56' title='bbox 315 1563 396 1634; x_wconf 84' lang='lat' dir='ltr'><strong>pag.</strong></span> <span class='ocrx_word' id='word_1_57' title='bbox 417 1538 717 1624; x_wconf 58' lang='grc' dir='ltr'><strong>ποθ-τιό).-</strong></span> 
     </span>
    </p>

    <p class='ocr_par' dir='ltr' id='par_1_8' title="bbox 245 1659 1360 2576">
     <span class='ocr_line' id='line_1_10' title="bbox 245 1659 1298 1764; baseline 0.008 -25"><span class='ocrx_word' id='word_1_58' title='bbox 245 1659 246 1664; x_wconf 9' lang='grc' dir='ltr'><strong>Ὶ</strong></span> <span class='ocrx_word' id='word_1_59' title='bbox 396 1662 600 1764; x_wconf 83' lang='lat' dir='ltr'><strong>&#39;Itaqueet</strong></span> <span class='ocrx_word' id='word_1_60' title='bbox 617 1665 810 1762; x_wconf 77' lang='lat' dir='ltr'><strong>praefandi</strong></span> <span class='ocrx_word' id='word_1_61' title='bbox 829 1668 944 1740; x_wconf 87' lang='lat' dir='ltr'><strong>finem</strong></span> <span class='ocrx_word' id='word_1_62' title='bbox 960 1669 1069 1741; x_wconf 84' lang='lat' dir='ltr'><strong>facio.</strong></span> <span class='ocrx_word' id='word_1_63' title='bbox 1099 1678 1298 1752; x_wconf 83' lang='lat' dir='ltr'><strong>Caeterum</strong></span> 
     </span>
     <span class='ocr_line' id='line_1_11' title="bbox 314 1779 1360 1901; baseline 0.008 -25"><span class='ocrx_word' id='word_1_64' title='bbox 314 1822 355 1876; x_wconf 89' lang='lat' dir='ltr'><strong>ut</strong></span> <span class='ocrx_word' id='word_1_65' title='bbox 383 1805 536 1876; x_wconf 90' lang='lat' dir='ltr'><strong>notulas</strong></span> <span class='ocrx_word' id='word_1_66' title='bbox 569 1827 668 1874; x_wconf 89' lang='lat' dir='ltr'><strong>meas</strong></span> <span class='ocrx_word' id='word_1_67' title='bbox 709 1801 986 1900; x_wconf 87' lang='lat' dir='ltr'><strong>qualescunque</strong></span> <span class='ocrx_word' id='word_1_68' title='bbox 1024 1779 1298 1901; x_wconf 79' lang='lat' dir='ltr'><strong>opusculorum</strong></span> <span class='ocrx_word' id='word_1_69' title='bbox 1358 1825 1360 1828; x_wconf 82' lang='grc'><strong>’</strong></span> 
     </span>
     <span class='ocr_line' id='line_1_12' title="bbox 314 1940 1359 2038; baseline 0.004 -26"><span class='ocrx_word' id='word_1_70' title='bbox 314 1943 452 2012; x_wconf 88' lang='lat' dir='ltr'><strong>horum</strong></span> <span class='ocrx_word' id='word_1_71' title='bbox 486 1940 862 2012; x_wconf 78' lang='lat' dir='ltr'><strong>Griesbachianorum</strong></span> <span class='ocrx_word' id='word_1_72' title='bbox 894 1961 1116 2038; x_wconf 80' lang='lat' dir='ltr'><strong>argumento</strong></span> <span class='ocrx_word' id='word_1_73' title='bbox 1148 1946 1190 2016; x_wconf 90' lang='lat' dir='ltr'><strong>in</strong></span> <span class='ocrx_word' id='word_1_74' title='bbox 1221 1949 1295 2018; x_wconf 91' lang='lat' dir='ltr'><strong>hoc</strong></span> <span class='ocrx_word' id='word_1_75' title='bbox 1358 2027 1359 2034; x_wconf 7' lang='grc' dir='ltr'>χ</span> 
     </span>
     <span class='ocr_line' id='line_1_13' title="bbox 314 2074 1359 2174; baseline 0.008 -30"><span class='ocrx_word' id='word_1_76' title='bbox 314 2074 560 2170; x_wconf 82' lang='lat' dir='ltr'><strong>praefamine,</strong></span> <span class='ocrx_word' id='word_1_77' title='bbox 588 2095 697 2174; x_wconf 88' lang='lat' dir='ltr'><strong>quam</strong></span> <span class='ocrx_word' id='word_1_78' title='bbox 716 2099 885 2170; x_wconf 87' lang='lat' dir='ltr'><strong>possem,</strong></span> <span class='ocrx_word' id='word_1_79' title='bbox 923 2075 1145 2150; x_wconf 85' lang='lat' dir='ltr'><strong>brevissime</strong></span> <span class='ocrx_word' id='word_1_80' title='bbox 1167 2105 1293 2152; x_wconf 87' lang='lat' dir='ltr'><strong>recen·</strong></span> <span class='ocrx_word' id='word_1_81' title='bbox 1358 2077 1359 2080; x_wconf 47' lang='lat'>&#39;</span> 
     </span>
     <span class='ocr_line' id='line_1_14' title="bbox 311 2203 1360 2306; baseline 0.007 -27"><span class='ocrx_word' id='word_1_82' title='bbox 311 2211 386 2280; x_wconf 81' lang='lat' dir='ltr'><strong>sito</strong></span> <span class='ocrx_word' id='word_1_83' title='bbox 411 2209 598 2294; x_wconf 89' lang='lat' dir='ltr'><strong>admistas,</strong></span> <span class='ocrx_word' id='word_1_84' title='bbox 627 2211 763 2306; x_wconf 91' lang='lat' dir='ltr'><strong>quibus</strong></span> <span class='ocrx_word' id='word_1_85' title='bbox 776 2213 985 2282; x_wconf 81' lang='lat' dir='ltr'><strong>accuratius</strong></span> <span class='ocrx_word' id='word_1_86' title='bbox 1001 2215 1230 2286; x_wconf 80' lang='lat' dir='ltr'><strong>sanctiorum</strong></span> <span class='ocrx_word' id='word_1_87' title='bbox 1244 2217 1294 2285; x_wconf 88' lang='lat' dir='ltr'><strong>li·</strong></span> <span class='ocrx_word' id='word_1_88' title='bbox 1359 2203 1360 2222; x_wconf 44' lang='lat'>¹</span> 
     </span>
     <span class='ocr_line' id='line_1_15' title="bbox 311 2345 1293 2440; baseline 0.003 -24"><span class='ocrx_word' id='word_1_89' title='bbox 311 2363 475 2416; x_wconf 83' lang='lat' dir='ltr'><strong>terarum</strong></span> <span class='ocrx_word' id='word_1_90' title='bbox 504 2345 672 2416; x_wconf 81' lang='lat' dir='ltr'><strong>studium</strong></span> <span class='ocrx_word' id='word_1_91' title='bbox 697 2372 765 2440; x_wconf 89' lang='lat' dir='ltr'><strong>pro</strong></span> <span class='ocrx_word' id='word_1_92' title='bbox 790 2347 935 2418; x_wconf 87' lang='lat' dir='ltr'><strong>viribus</strong></span> <span class='ocrx_word' id='word_1_93' title='bbox 966 2347 1143 2417; x_wconf 85' lang='lat' dir='ltr'><strong>adiuvare</strong></span> <span class='ocrx_word' id='word_1_94' title='bbox 1170 2351 1293 2435; x_wconf 89' lang='lat' dir='ltr'><strong>volui,</strong></span> 
     </span>
     <span class='ocr_line' id='line_1_16' title="bbox 312 2479 1294 2576; baseline 0.001 -26"><span class='ocrx_word' id='word_1_95' title='bbox 312 2481 470 2552; x_wconf 86' lang='lat' dir='ltr'><strong>lectores</strong></span> <span class='ocrx_word' id='word_1_96' title='bbox 491 2481 664 2550; x_wconf 85' lang='lat' dir='ltr'><strong>benevoli</strong></span> <span class='ocrx_word' id='word_1_97' title='bbox 679 2479 787 2575; x_wconf 86' lang='lat' dir='ltr'><strong>aequi</strong></span> <span class='ocrx_word' id='word_1_98' title='bbox 802 2480 968 2576; x_wconf 87' lang='lat' dir='ltr'><strong>bonique</strong></span> <span class='ocrx_word' id='word_1_99' title='bbox 982 2483 1192 2566; x_wconf 78' lang='lat' dir='ltr'><strong>consulant,</strong></span> <span class='ocrx_word' id='word_1_100' title='bbox 1221 2485 1294 2552; x_wconf 89' lang='lat' dir='ltr'><strong>hu-</strong></span> 
     </span>
    </p>

    <p class='ocr_par' dir='ltr' id='par_1_9' title="bbox 195 2615 1360 3227">
     <span class='ocr_line' id='line_1_17' title="bbox 195 2615 1293 2710; baseline 0 -26"><span class='ocrx_word' id='word_1_101' title='bbox 195 2690 197 2697; x_wconf 93' lang='lat'><em>.</em></span> <span class='ocrx_word' id='word_1_102' title='bbox 309 2615 529 2686; x_wconf 86' lang='lat' dir='ltr'><strong>manissime</strong></span> <span class='ocrx_word' id='word_1_103' title='bbox 546 2637 611 2682; x_wconf 92' lang='lat' dir='ltr'><strong>oro</strong></span> <span class='ocrx_word' id='word_1_104' title='bbox 629 2637 806 2708; x_wconf 82' lang='lat' dir='ltr'><strong>rogoque.</strong></span> <span class='ocrx_word' id='word_1_105' title='bbox 850 2620 899 2684; x_wconf 86' lang='lat' dir='ltr'><strong>Et</strong></span> <span class='ocrx_word' id='word_1_106' title='bbox 915 2615 947 2686; x_wconf 86' lang='lat' dir='ltr'><strong>si</strong></span> <span class='ocrx_word' id='word_1_107' title='bbox 967 2616 1057 2710; x_wconf 88' lang='lat' dir='ltr'><strong>quid</strong></span> <span class='ocrx_word' id='word_1_108' title='bbox 1074 2617 1231 2686; x_wconf 87' lang='lat' dir='ltr'><strong>humani</strong></span> <span class='ocrx_word' id='word_1_109' title='bbox 1248 2619 1293 2710; x_wconf 71' lang='lat' dir='ltr'><strong>in</strong></span> 
     </span>
     <span class='ocr_line' id='line_1_18' title="bbox 308 2747 1360 2841; baseline 0.004 -25"><span class='ocrx_word' id='word_1_110' title='bbox 308 2747 377 2818; x_wconf 85' lang='lat' dir='ltr'><strong>hac</strong></span> <span class='ocrx_word' id='word_1_111' title='bbox 394 2747 626 2841; x_wconf 75' lang='lat' dir='ltr'><strong>praefatione</strong></span> <span class='ocrx_word' id='word_1_112' title='bbox 645 2749 741 2818; x_wconf 88' lang='lat' dir='ltr'><strong>mihi</strong></span> <span class='ocrx_word' id='word_1_113' title='bbox 756 2749 951 2835; x_wconf 83' lang='lat' dir='ltr'><strong>acciderit,</strong></span> <span class='ocrx_word' id='word_1_114' title='bbox 979 2788 1030 2804; x_wconf 93' lang='lat'><em>-</em></span> <span class='ocrx_word' id='word_1_115' title='bbox 1055 2752 1212 2821; x_wconf 89' lang='lat' dir='ltr'><strong>humani</strong></span> <span class='ocrx_word' id='word_1_116' title='bbox 1227 2777 1292 2820; x_wconf 87' lang='lat' dir='ltr'><strong>au·</strong></span> <span class='ocrx_word' id='word_1_117' title='bbox 1359 2749 1360 2764; x_wconf 56' lang='lat'>¹</span> 
     </span>
     <span class='ocr_line' id='line_1_19' title="bbox 309 2881 1291 2978; baseline 0.01 -29"><span class='ocrx_word' id='word_1_118' title='bbox 309 2897 388 2950; x_wconf 86' lang='lat' dir='ltr'><strong>tem</strong></span> <span class='ocrx_word' id='word_1_119' title='bbox 407 2881 508 2950; x_wconf 87' lang='lat' dir='ltr'><strong>nihil</strong></span> <span class='ocrx_word' id='word_1_120' title='bbox 532 2905 628 2952; x_wconf 87' lang='lat' dir='ltr'><strong>ame</strong></span> <span class='ocrx_word' id='word_1_121' title='bbox 657 2883 825 2953; x_wconf 85' lang='lat' dir='ltr'><strong>alienum</strong></span> <span class='ocrx_word' id='word_1_122' title='bbox 849 2905 929 2954; x_wconf 84' lang='lat' dir='ltr'><strong>esse</strong></span> <span class='ocrx_word' id='word_1_123' title='bbox 955 2903 1048 2978; x_wconf 88' lang='lat' dir='ltr'><strong>puto</strong></span> <span class='ocrx_word' id='word_1_124' title='bbox 1072 2924 1122 2942; x_wconf 88' lang='lat'><em>-</em></span> <span class='ocrx_word' id='word_1_125' title='bbox 1146 2887 1186 2956; x_wconf 88' lang='lat' dir='ltr'><strong>id</strong></span> <span class='ocrx_word' id='word_1_126' title='bbox 1206 2907 1291 2960; x_wconf 89' lang='lat' dir='ltr'><strong>tum</strong></span> 
     </span>
     <span class='ocr_line' id='line_1_20' title="bbox 309 2989 1360 3118; baseline 0.009 -34"><span class='ocrx_word' id='word_1_127' title='bbox 309 3013 564 3085; x_wconf 84' lang='lat' dir='ltr'><strong>imbecillitati</strong></span> <span class='ocrx_word' id='word_1_128' title='bbox 589 3017 771 3118; x_wconf 76' lang='lat' dir='ltr'><strong>humanae</strong></span> <span class='ocrx_word' id='word_1_129' title='bbox 795 3019 972 3104; x_wconf 89' lang='lat' dir='ltr'><strong>omnino,</strong></span> <span class='ocrx_word' id='word_1_130' title='bbox 1008 3037 1091 3091; x_wconf 89' lang='lat' dir='ltr'><strong>tum</strong></span> <span class='ocrx_word' id='word_1_131' title='bbox 1118 3021 1290 3116; x_wconf 70' lang='lat' dir='ltr'><strong>ingrate·</strong></span> <span class='ocrx_word' id='word_1_132' title='bbox 1359 2989 1360 3002; x_wconf 10' lang='grc' dir='ltr'>ἵ</span> 
     </span>
     <span class='ocr_line' id='line_1_21' title="bbox 309 3149 1289 3227; baseline 0.009 -9"><span class='ocrx_word' id='word_1_133' title='bbox 309 3150 430 3220; x_wconf 78' lang='lat' dir='ltr'><strong>acenti</strong></span> <span class='ocrx_word' id='word_1_134' title='bbox 455 3153 640 3222; x_wconf 86' lang='lat' dir='ltr'><strong>senectuti</strong></span> <span class='ocrx_word' id='word_1_135' title='bbox 659 3149 760 3224; x_wconf 87' lang='lat' dir='ltr'><strong>meae</strong></span> <span class='ocrx_word' id='word_1_136' title='bbox 781 3151 892 3225; x_wconf 86' lang='lat' dir='ltr'><strong>facile</strong></span> <span class='ocrx_word' id='word_1_137' title='bbox 911 3155 1188 3226; x_wconf 85' lang='lat' dir='ltr'><strong>condonaturos</strong></span> <span class='ocrx_word' id='word_1_138' title='bbox 1208 3179 1289 3227; x_wconf 86' lang='lat' dir='ltr'><strong>esse</strong></span> 
     </span>
    </p>
   </div>
   <div class='ocr_carea' id='block_1_6' title="bbox 306 3287 1360 3527">
    <p class='ocr_par' dir='ltr' id='par_1_10' title="bbox 306 3287 1360 3527">
     <span class='ocr_line' id='line_1_22' title="bbox 307 3287 1360 3412; baseline 0.007 -59"><span class='ocrx_word' id='word_1_139' title='bbox 307 3287 482 3356; x_wconf 79' lang='lat' dir='ltr'><strong>Lectores</strong></span> <span class='ocrx_word' id='word_1_140' title='bbox 499 3310 607 3380; x_wconf 86' lang='lat' dir='ltr'><strong>spero</strong></span> <span class='ocrx_word' id='word_1_141' title='bbox 630 3305 741 3382; x_wconf 85' lang='lat' dir='ltr'><strong>atque</strong></span> <span class='ocrx_word' id='word_1_142' title='bbox 766 3287 931 3359; x_wconf 87' lang='lat' dir='ltr'><strong>confido.</strong></span> <span class='ocrx_word' id='word_1_143' title='bbox 982 3295 1056 3358; x_wconf 89' lang='lat' dir='ltr'><strong>Scr.</strong></span> <span class='ocrx_word' id='word_1_144' title='bbox 1083 3292 1211 3373; x_wconf 74' lang='lat' dir='ltr'><strong>lenae,</strong></span> <span class='ocrx_word' id='word_1_145' title='bbox 1248 3291 1286 3362; x_wconf 83' lang='lat' dir='ltr'><strong>d.</strong></span> <span class='ocrx_word' id='word_1_146' title='bbox 1358 3385 1360 3412; x_wconf 45' lang='grc' dir='ltr'>Ι</span> 
     </span>
     <span class='ocr_line' id='line_1_23' title="bbox 306 3421 1055 3527; baseline 0.003 -37"><span class='ocrx_word' id='word_1_147' title='bbox 306 3423 405 3494; x_wconf 85' lang='lat' dir='ltr'>XXI.</span> <span class='ocrx_word' id='word_1_148' title='bbox 423 3445 473 3492; x_wconf 89' lang='lat' dir='ltr'><strong>m.</strong></span> <span class='ocrx_word' id='word_1_149' title='bbox 491 3421 632 3527; x_wconf 84' lang='lat' dir='ltr'><strong>Aprilis</strong></span> <span class='ocrx_word' id='word_1_150' title='bbox 649 3423 693 3494; x_wconf 81' lang='lat' dir='ltr'><strong>A.</strong></span> <span class='ocrx_word' id='word_1_151' title='bbox 711 3429 750 3492; x_wconf 86' lang='lat' dir='ltr'><strong>C.</strong></span> <span class='ocrx_word' id='word_1_152' title='bbox 771 3425 1055 3495; x_wconf 84' lang='lat' dir='ltr'><strong>MDcccxxv.</strong></span> 
     </span>
    </p>
   </div>
   <div class='ocr_carea' id='block_1_7' title="bbox 827 3613 1222 3708">
    <p class='ocr_par' dir='ltr' id='par_1_11' title="bbox 827 3613 1222 3708">
     <span class='ocr_line' id='line_1_24' title="bbox 827 3613 1222 3708; baseline -0.005 0"><span class='ocrx_word' id='word_1_153' title='bbox 827 3625 887 3708; x_wconf 81' lang='lat' dir='ltr'><strong>Io,</strong></span> <span class='ocrx_word' id='word_1_154' title='bbox 919 3613 1033 3706; x_wconf 69' lang='lat' dir='ltr'><strong>Phil.</strong></span> <span class='ocrx_word' id='word_1_155' title='bbox 1057 3619 1222 3707; x_wconf 79' lang='lat' dir='ltr'><strong>Gabler.</strong></span> 
     </span>
    </p>
   </div>
   <div class='ocr_carea' id='block_1_8' title="bbox 716 3887 867 3902">
    <p class='ocr_par' dir='ltr' id='par_1_12' title="bbox 716 3887 867 3902">
     <span class='ocr_line' id='line_1_25' title="bbox 716 3887 867 3902; baseline -0.007 -3"><span class='ocrx_word' id='word_1_156' title='bbox 716 3887 867 3902; x_wconf 67' lang='grc' dir='ltr'>-ι-ι-</span> 
     </span>
    </p>
   </div>
   <div class='ocr_carea' id='block_1_9' title="bbox 0 0 1366 4806">
    <p class='ocr_par' dir='ltr' id='par_1_13' title="bbox 0 0 1366 4806">
     <span class='ocr_line' id='line_1_26' title="bbox 0 0 1366 4806; baseline 0 1"><span class='ocrx_word' id='word_1_157' title='bbox 0 0 1366 4806; x_wconf 95' lang='lat' dir='ltr'><strong> </strong></span> 
     </span>
    </p>
   </div>
  </div>
 </body>
</html>
