2722 4806
588 407 643 450 xc!
689 424 693 432 ·

72 558 76 572 ’
130 583 214 632 mus
230 583 400 656 operam,
426 576 471 629 ut
491 555 746 651 ingrediamur
765 570 805 650 εἰς
830 565 948 659 {aarum
967 577 1027 659 «ην
1048 593 1105 634 κα·

128 725 302 772 aaronem·
316 694 517 788 (nimirum
544 700 591 770 tis
615 721 675 786 ’την
703 723 908 771 artarentur
933 701 989 768 ἀπ’
1009 701 1105 792 ἔργων

129 832 210 902 scil.
231 835 377 927 voprem)
404 847 547 895 nenos
570 823 676 916 ipsos
703 849 812 920 aeque
835 827 1033 900 reddamus
1050 828 1106 896 in·

127 963 283 1048 felices,
318 957 663 1030 ac·1srae1itae·itti
686 981 766 1030 sese
797 963 1023 1034 reddiderant
1041 987 1106 1033 sua
1194 941 1195 944 Ἴ

134 1092 405 1164 obstinatione.
457 1099 553 1164 Nam
575 1099 616 1188 ἐξ
637 1102 739 1192 ἔργων
763 1126 867 1193 vepro
885 1095 924 1170 ab
944 1101 1128 1191 detornant
1231 1160 1232 1168 ,

135 1259 231 1304 σεται
248 1259 337 1303 naor
359 1232 458 1328 σαρξ,
492 1227 604 1299 Rom.
630 1233 710 1316 111,
748 1253 832 1314 20.,
874 1253 1005 1324 quara,
1033 1229 1111 1324 qui-

101 1419 106 1432 .
137 1387 284 1458 cunque
301 1361 338 1450 ἐξ
356 1371 457 1463 ἔργων
472 1393 577 1464 vapor
602 1372 680 1450 aloa,
716 1363 745 1433 ii
773 1367 838 1441 ὑπο
863 1374 1013 1464 aaraprv'
1039 1375 1111 1450 εἰσι,

132 1500 210 1570 Gal.
232 1503 300 1584 111,
316 1473 318 1480 Ι
332 1523 388 1574 10.
407 1517 445 1570 et
460 1523 524 1572 eos
541 1527 688 1599 χριστος
706 1500 801 1576 edan
821 1501 1000 1599 ὠφελησει,
1028 1501 1110 1572 Gal.

127 1639 180 1719 v,
207 1641 277 1710 2·“
303 1669 355 1688 ,,
1206 1605 1211 1616 ’

233 1774 327 1840 Utut
352 1787 479 1842 autem
508 1770 598 1840 haec
621 1769 888 1878 sententiarum
913 1769 1023 1844 series
1048 1769 1110 1842 do-

133 1924 190 1976 cte
213 1923 252 1976 et
265 1906 459 2000 ingeniose
484 1927 504 1976 a
535 1903 774 1996 Griasblochio·
791 1905 842 1976 sit
862 1905 1108 1992 conformata,

135 2056 263 2110 tamen
289 2063 369 2109 non
394 2063 549 2133 possum
571 2063 591 2109 a
614 2063 676 2108 me
701 2039 924 2134 impetrare,
946 2057 993 2108 ut
1014 2041 1110 2108 hane

136 2173 422 2270 argumentandi
442 2175 696 2248 subtilitatem
709 2173 784 2270 ipsi
806 2170 951 2244 auctori
974 2169 1112 2265 episto·

132 2311 190 2379 lae
216 2307 261 2378 ad
286 2309 449 2386 Ebraeos
471 2311 648 2383 tribuam.
705 2309 859 2384 Etenim
881 2308 913 2378 si
938 2310 1027 2380 haec
1046 2332 1110 2376 au·

98 2523 107 2538 ¹
134 2446 229 2518 ctori
245 2445 288 2516 in
308 2449 426 2544 capite
454 2467 590 2544 quarto
617 2447 772 2520 sedisset
794 2443 1000 2520 sententia,
1035 2463 1115 2512 eam

133 2580 303 2687 profecto
324 2583 371 2652 ad
383 2607 531 2653 morem
544 2581 691 2662 Paulli,
726 2572 920 2665 Apostoli,
947 2573 990 2642 in
1007 2572 1113 2665 epist.

138 2716 185 2780 ad
204 2719 400 2780 Romanos
428 2729 467 2779 et
492 2712 659 2796 Galatas,
698 2705 930 2778 luculentius
961 2729 1116 2801 exposu-

139 2845 254 2927 isset,
289 2865 377 2929 nec,
412 2843 501 2917 dum
525 2845 662 2943 quietis
686 2843 731 2918 ab
754 2841 930 2940 operibus
953 2844 1112 2916 mentio-

136 3003 228 3052 nem
253 2974 407 3067 faoeret,
448 2985 678 3056 vocabulum
714 2982 889 3080 princeps
910 3014 973 3058 rou
1000 3013 1107 3081 νομου

139 3117 251 3211 plane
267 3110 485 3191 reticuisset.
511 3127 631 3196 Totus
647 3117 901 3217 potiushuius
917 3116 1115 3212 periochae

141 3251 414 3345 cap.111,7.-
430 3252 490 3338 IV,
506 3277 561 3327 tt.
587 3275 796 3342 contextus,
823 3269 1117 3326 rectemonento
1216 3346 1218 3359 Ι
1324 3239 1339 3254 “

140 3384 353 3457 novissimo
370 3383 485 3456 huius
503 3387 673 3480 epistolae
690 3393 910 3484 interprete,
928 3413 1012 3462 ven.
1029 3385 1115 3456 Chr·

143 3523 240 3596 Fricl.
256 3518 424 3606 Boeltme,
443 3519 529 3591 viro
547 3521 773 3612 doctissimo,
788 3526 829 3595 in
849 3515 1119 3594 commentario

144 3673 347 3756 perpetuo,
374 3679 494 3753 eoque
511 3637 743 3751 amplissimo
759 3660 882 3754 (Lipa.
910 3671 1018 3746 1825·
1035 3674 1117 3748 pag.
1230 3705 1240 3718 .

152 3797 249 3886 195.)
266 3789 468 3866 artificiose
481 3795 610 3864 illatae
620 3792 707 3862 huic
723 3783 1051 3889 argumentationi,
1066 3787 1117 3859 ei-

154 3949 224 4020 que
232 3951 418 4022 nusquam
436 3931 477 4002 in
492 3931 673 4006 universa
692 3929 759 4000 hac
776 3924 934 4021 epistola
950 3923 1044 3996 clare
1060 3949 1119 3997 ax·

132 4167 138 4178 ἢ
152 4085 295 4154 pressae
305 4064 699 4142 adversatur-Mihi
716 4061 857 4163 potius,
873 4059 906 4136 ei
918 4061 1009 4162 quid
1019 4062 1117 4136 iudi-
