2752 4790
579 387 660 434 ΧΧΙΠ

133 540 287 636 pendice
302 540 480 627 habetur,
507 535 617 608 cuius
637 559 901 635 argumentum
918 515 1006 618 cum
1032 569 1111 642 cap.

132 682 228 750 xlv.
256 694 355 748 arcte
382 677 575 758 cohaeret,
618 672 727 764 plene
748 703 869 755 carere
894 703 997 756 nove
1021 683 1111 760 allo,

131 811 307 904 cutione,
350 835 384 884 e.
423 831 461 901 g.
490 813 800 904 steteruntque
829 813 995 909 incipere
1024 815 1113 894 solis

131 947 261 1018 verbis
287 948 471 1036 ὀφειλομεν
495 946 529 1014 δε
552 971 584 1014 κ.
604 970 637 1014 e·
663 944 723 1023 i..
760 945 892 1036 quibus
909 949 979 1022 hoc
1002 968 1114 1046 ceput

128 1085 216 1152 xv.
236 1072 470 1170 praecedenti
495 1075 695 1166 cep.,XIV.
719 1071 774 1146 ita
803 1074 997 1171 iungitur,
1026 1105 1065 1158 ae
1080 1085 1114 1158 si

133 1207 339 1305 doxologia
363 1206 534 1304 proxime
553 1207 654 1282 haud
677 1210 948 1298 antecesserit,
983 1214 1047 1284 sed
1064 1240 1115 1284 ar·

11 1443 12 1454 ἵ
128 1361 354 1442 gementum
378 1367 456 1440 cop.
484 1348 582 1419 XIV.
609 1343 694 1420 sine
717 1344 790 1420 ieta
820 1345 1025 1443 doxologia
1045 1373 1120 1420 una

11 1501 13 1540 ἔ
125 1481 257 1576 potius
274 1479 367 1554 serie
389 1495 569 1576 pergeret.
597 1479 870 1556 Griesbochium
892 1499 1018 1554 autem
1042 1483 1115 1556 mi-

11 1621 12 1662 ἐ
125 1641 254 1688 ramur
278 1617 321 1688 in
343 1615 575 1690 admittenda
605 1614 676 1688 hoc
701 1617 905 1712 hypothesi
931 1619 1006 1690 sibi
1027 1643 1112 1696 non

124 1752 218 1824 adeo
252 1751 490 1840 constitisse,
528 1749 593 1826 sed
628 1750 794 1832 oblitum
815 1754 922 1854 quasi
943 1755 1110 1832 theoriae

11 1973 12 1986 χ
124 1913 214 1962 suae
223 1887 373 1960 criticae
392 1887 505 1984 plane
523 1886 733 1986 despexisse
755 1892 1020 1990 omiqnissimes
1045 1916 1108 1966 eu·

123 2026 320 2098 ctoritates
340 2025 524 2119 utrimque
556 2023 766 2100 recensionis
788 2041 868 2100 tem
888 2025 1109 2099 Alexandri·
1222 2053 1224 2057 ·

11 2209 12 2214 =
127 2181 332 2256 nosquam
348 2157 610 2248 Occidentalis,
625 2181 763 2258 nempe
776 2157 883 2236 codd.
899 2162 943 2235 Β.
955 2165 994 2232 C.
1005 2163 1053 2232 D.
1063 2163 1105 2234 Ε.

11 2361 13 2366 ,
123 2313 164 2368 et
177 2317 294 2368 verss.
312 2297 394 2386 Syr.
414 2292 524 2366 Arab.
541 2299 682 2392 Erpen.
697 2298 804 2393 Gopt.
824 2294 1000 2390 Aethiop.
1017 2295 1106 2368 Vul-

123 2451 198 2530 gat.
217 2431 301 2505 Ital.
316 2429 377 2526 (in
393 2429 500 2508 oodd.
512 2430 661 2504 clarem.
679 2447 717 2508 et
730 2433 865 2524 germ.)
873 2446 912 2504 et
926 2435 1024 2503 Patr.
1037 2433 1107 2502 La·

120 2569 191 2642 tin.
217 2603 269 2626 -·
293 2571 424 2664 Neque
440 2565 571 2643 misius
580 2565 779 2649 miramur,
802 2559 843 2634 b.
863 2563 1030 2644 Morum,
1055 2558 1112 2630 vi·
1193 2651 1201 2662 .

119 2727 209 2778 mm
225 2701 399 2791 alioquin
412 2715 571 2771 cautum
585 2709 624 2766 et
638 2693 970 2790 circumspectum,
996 2709 1108 2790 atque

125 2833 177 2903 ad
194 2851 253 2898 res
267 2847 385 2898 novas
398 2827 511 2926 plane
524 2849 604 2902 non
618 2850 803 2930 pronum,
829 2827 871 2908 in
887 2829 1106 2928 praelectio·

123 2966 244 3041 nibus
263 2960 305 3032 in
326 2960 430 3056 epist.
457 2963 503 3040 ad
524 2967 718 3042 Romanos
740 2964 860 3062 (Lips.
886 2969 1011 3063 ¹794·)
1028 2967 1105 3038 edi·
1162 3017 1165 3024 -

122 3105 188 3190 tis,
204 3099 253 3172 iis
264 3095 457 3171 accessisse
469 3103 569 3199 (pag.
584 3121 672 3198 235.
689 3101 774 3198 sq.),
785 3100 852 3200 qui
862 3098 1106 3196 doxologiam

97 3217 100 3223 ¹
124 3239 171 3312 sd
195 3236 335 3310 calcem
358 3252 439 3328 cap.
463 3237 558 3310 xlv.
584 3235 775 3324 referunt,
808 3261 880 3310 neo
901 3235 1105 3310 attendisse

125 3373 174 3446 ad
191 3395 252 3458 ea,
274 3389 367 3466 quae
390 3383 482 3466 post
494 3371 710 3468 Bengelium
722 3369 762 3446 b.
776 3378 911 3468 Roppe
928 3395 998 3468 pro
1015 3371 1104 3442 reti·

125 3506 248 3580 nenda
276 3505 343 3578 illc
369 3500 579 3600 doxologis
599 3506 642 3578 in
670 3505 745 3583 fine
776 3511 982 3603 cep.XV1.
1012 3502 1105 3580 scits

128 3641 357 3728 monuisset,
381 3664 504 3738 neque
521 3660 749 3736 argumenta.
776 3665 865 3716 sane
878 3637 981 3716 haud
993 3633 1103 3727 levia,

130 3779 172 3854 ab
196 3803 241 3854 eo
264 3777 412 3874 prolato
433 3797 680 3874 oppugnasse.
711 3811 763 3834 -
794 3783 917 3874 Quare
941 3775 1021 3844 no'n
1044 3771 1105 3848 de·

131 3911 235 3984 fuere
254 3907 333 3986 viri
357 3911 479 4000 docti,
518 3913 585 4013 qui
604 3925 737 3990 nostre
767 3925 884 3984 aetate
904 3887 1104 3991 lectionem
