2752 4790
783 361 804 402 1.

231 591 233 600 ,
301 527 488 608 mudiees,
523 537 633 615 atque
650 511 882 608 supplendus
894 529 952 586 est
966 514 1198 592 novissimus
1216 545 1278 594 eu·-

305 681 387 734 eter
422 656 514 729 libri
549 655 593 724 de
625 647 900 724 charismatibus
932 650 1027 744 Spir.
1061 657 1116 739 8.,
1149 635 1278 730 =vener,

307 795 529 878 Schulehess,
566 764 782 860 T11rieensis
803 783 1002 879 theologus
1023 783 1143 882 (Lipr.
1171 809 1278 880 18¹8·

304 935 368 1026 8.).
396 963 449 986 -
473 927 511 996 si
527 923 610 1019 quis
626 937 751 993 autem
775 941 896 990 meam
919 917 1040 1015 ipsius
1058 925 1282 996 sententiam

304 1069 372 1136 hec
397 1051 441 1133 de
468 1083 508 1130 re
527 1076 572 1138 et
598 1051 817 1125 difficillima
842 1069 880 1119 et
901 1056 1125 1146 gravissima
1148 1059 1281 1130 rescire

304 1200 418 1286 velit,
445 1215 556 1288 quam
573 1185 704 1258 fusius
727 1205 914 1278 exponere
936 1185 1010 1256 hoc
1024 1192 1112 1259 loco
1126 1193 1225 1264 haud
1239 1194 1284 1263 li-

306 1351 395 1416 cet,-
421 1321 594 1420 equidem
617 1321 734 1390 mein
757 1339 902 1389 summu
915 1321 966 1388 rei
982 1320 1146 1392 maxime
1162 1328 1284 1398 omni-

305 1490 371 1535 um
388 1457 507 1530 facere
533 1475 630 1524 eum.
653 1458 744 1524 Ven.
772 1447 1020 1538 Heinrichsio,
1047 1454 1132 1528 viro
1147 1456 1284 1530 doctis·
1335 1497 1338 1508 =

303 1599 401 1667 simo
418 1604 456 1662 et
474 1587 519 1659 de
537 1583 791 1660 continuanda
816 1565 980 1658 editione
997 1587 1106 1660 Novi
1119 1562 1282 1666 Testem.

303 1723 502 1825 Koppianu
528 1725 642 1820 longe
657 1717 919 1808 meritissimo.
954 1719 1014 1818 (in
1030 1731 1282 1804 commentar.

302 1861 457 1934 addere
472 1855 643 1957 Apostol.
662 1863 836 1933 Excursu
849 1859 917 1956 11.)
932 1875 1043 1958 atque
1060 1885 1146 1931 cum
1163 1865 1283 1934 Peril-

301 2003 410 2073 lustr.
424 1991 656 2080 Eicdhomim
681 2007 918 2092 praeceptore
934 2017 1019 2066 meo
1035 1992 1095 2091 pie
1110 1997 1284 2085 colendo,

302 2137 362 2230 (in
386 2133 535 2228 egregio
557 2133 676 2206 libros
702 2131 862 2228 Aligem.
881 2125 1102 2204 Bibliothek
1125 2131 1161 2210 d.
1188 2132 1283 2205 bibl.

301 2261 526 2354 fineretur,
554 2271 598 2338 T.
616 2271 663 2342 11.
680 2285 761 2364 pag.
777 2285 862 2362 757.
882 2269 981 2363 sqq.)
993 2264 1128 2340 lubens
1146 2287 1182 2338 et
1202 2293 1285 2366 gm-

302 2419 364 2475 tus
387 2405 509 2499 palem
531 2401 722 2497 profiteor.
782 2407 978 2476 Caeterum
1002 2403 1060 2473 his
1091 2401 1135 2472 in
1156 2403 1282 2488 rebus,

301 2561 397 2637 quae
427 2533 576 2610 altioris
609 2539 760 2634 quidem
790 2557 880 2610 sunt
914 2531 1124 2632 indaginis,
1168 2561 1283 2611 suum
1370 2569 1372 2574 ’

303 2693 489 2768 quemque
504 2665 611 2767 sequi
632 2669 830 2769 ingenium
854 2665 964 2744 facile
981 2669 1117 2766 patior.
1189 2703 1193 2719 ·

408 2809 546 2908 quinta
555 2803 669 2874 huius
678 2801 887 2880 voluminis
901 2808 1170 2880 commentatio
1181 2815 1281 2903 (XII.

303 2911 340 3034 pi
361 2943 442 3032 186.
463 2935 560 3034 sqq.)
582 2939 659 3034 agit
674 2936 719 3010 de
743 2939 880 3011 mundo
902 2961 938 3015 a.
954 2940 1037 3014 Deo
1055 2946 1170 3017 Patre
1196 2969 1281 3014 con-

304 3077 381 3144 dito
405 3095 471 3170 per
486 3073 627 3145 Filium
653 3108 704 3132 ι·-
735 3039 843 3145 Hune
868 3073 1020 3170 quidem
1037 3075 1279 3155 sententiam:

306 3213 431 3280 Deum
451 3212 600 3280 Patrem
616 3205 802 3282 mundum
817 3211 1027 3286 condidisse
1039 3231 1107 3303 per
1124 3207 1279 3302 Filium,

306 3342 455 3417 disertis
479 3345 605 3419 verbis
637 3359 848 3441 expressam
878 3365 999 3422 exsere
1022 3343 1065 3412 in
1093 3345 1203 3439 epist.
1231 3350 1279 3420 ed

307 3479 469 3552 Ebreeos
487 3503 517 3555 e.
534 3487 565 3570 I,
575 3505 608 3558 2.
624 3482 712 3558 ds’ed
727 3517 782 3560 και
791 3509 874 3590 τους
883 3490 1003 3561 «iuver
1018 3485 1159 3579 irenses,
1176 3483 1278 3554 haud

304 3613 484 3688 diffitetur
507 3613 763 3705 Griesbacbius,
789 3619 866 3692 imo
885 3615 1175 3712 quamplurima
1193 3615 1278 3690 loc'a

305 3751 656 3846 antiquissimorum
671 3755 867 3830 doctorum
885 3747 1220 3825 ecelesiasticorum
1234 3755 1276 3826 in

302 3885 469 3962 medium
487 3889 633 3988 profert
649 3896 702 3987 (p.
725 3911 803 3984 133.
822 3891 913 3987 eq),
932 3887 1075 3985 'quibus
1089 3887 1191 3964 idem
1212 3889 1273 3959 ad-
