2752 4790
544 369 619 414 mx

94 539 203 610 Πρω
232 541 319 626 argo
343 542 381 598 et
403 491 686 616 interpretando
708 541 908 624 utrumque
930 529 1067 608 distin·

65 751 70 760 ι
95 689 204 763 guero
227 665 345 738 decet.
398 665 536 750 Itaque
556 653 709 728 videant
729 661 813 751 slii,
841 679 890 734 an
913 663 988 736 sibi
1014 687 1069 738 ss-

72 762 256 873 xtisfaoiat
294 800 369 868 hoc
411 789 566 884 quidem
595 775 686 856 loco
714 787 873 866 effatum·
894 796 1069 874 Auctoris

91 943 190 1032 (pag.
226 933 350 1025 tgr-it
395 928 558 1016 „Neque
595 920 774 1013 Apostoli
804 930 845 996 in
875 933 1068 1007 scribendo
1172 973 1176 980 ·

93 1076 306 1164 ,,ἂκριβειας
323 1073 401 1130 tam
417 1053 578 1128 studiosi
588 1053 698 1124 fuere
703 1105 715 1139 ,
743 1072 787 1124 ut
808 1060 1070 1142 vocabulorum

93 1195 351 1288 „discrimina
365 1197 577 1263 constanter
594 1207 807 1274 servarent,
836 1207 874 1262 et
890 1192 937 1262 sd
962 1195 1077 1292 signi·

95 1327 305 1422 „ficandam
331 1327 487 1400 eandem
515 1348 595 1397 rem
622 1323 753 1400 eodem
779 1325 898 1403 verbo
927 1352 1077 1426 semper

91 1473 354 1560 ,‚uterentur.“

191 1609 293 1699 Quae
312 1616 438 1674 autem
456 1589 692 1684 charismata,
728 1587 918 1696 tamquam
935 1619 1069 1677 eventa

88 1738 293 1812 admodum
306 1735 533 1810 miraculosa
559 1733 603 1804 ab
626 1735 699 1804 hoc
722 1734 805 1808 viro
829 1737 1069 1816 celeberrimo

89 1900 176 1946 cum
183 1875 220 1949 δ’.
234 1875 375 1944 Storrio
385 1870 544 1966 aliisque
559 1868 753 1963 descripta,
764 1897 839 1966 quo
852 1875 967 1948 modo
977 1903 1067 1960 cun-

89 2035 161 2106 que
187 2033 226 2080 se
248 2007 471 2078 habeant-
493 2001 554 2077 his
580 2005 685 2076 enim
707 2007 914 2080 accuratius
931 2009 1070 2104 disqui-

88 2141 220 2214 rendis
236 2140 278 2210 in
294 2141 363 2210 hac
378 2156 473 2212 certe
485 2137 720 2235 praefatione
730 2141 929 2212 locusnon
943 2157 1010 2228 est,
1020 2179 1070 2199 -·
1102 2199 1106 2204 .

86 2297 176 2374 post
208 2273 351 2349 annum
380 2275 518 2349 saeculi
553 2275 746 2372 praeteriti
784 2251 1074 2373 octogesimum,

90 2441 163 2512 quo
203 2414 356 2510 quidem
391 2409 642 2486 Griesbachius
684 2413 783 2483 hanc
811 2411 1072 2504 prolusioncm

88 2543 309 2644 scripserat,
337 2549 554 2644 complures
569 2547 672 2618 viros
689 2543 930 2616 doctissimos
941 2563 1077 2634 eosque

87 2681 435 2780 perspicacissimos
470 2679 517 2746 in
543 2673 756 2762 iudicandis
777 2671 1074 2750 ‘charismatibus

89 2807 409 2902 illustrandisque
425 2804 600 2903 inprimis
616 2815 781 2906 γλωσσως
789 2809 1070 2904 Apostolorum,

91 2969 190 3045 quae
208 2942 376 3016 maximis
391 2935 616 3040 promuntur
629 2941 929 3033 difficultatibus,
944 2947 986 3019 in
999 2947 1073 3022 alis

97 3081 229 3156 omnia
247 3075 384 3148 abiisse
401 3101 549 3156 constat.
590 3061 761 3183 Quorum
777 3083 947 3169 nomina,
967 3105 1074 3178 quoe·

98 3239 142 3290 vc
156 3220 258 3288 hanc
278 3211 323 3282 in
347 3233 429 3280 rem
448 3215 681 3308 scripserint,
707 3217 847 3292 videsis
873 3217 1074 3316 diligenter

100 3347 310 3426 collectaria
334 3347 521 3422 Kuincezii
540 3351 624 3438 (viti
648 3371 797 3428 summe
816 3355 1020 3428 venerandi
1037 3370 1075 3444 et

101 3487 143 3558 dc
158 3481 471 3580 interpretatione
492 3477 676 3558 librorum
699 3511 890 3562 sacrorum
913 3485 1078 3560 meritis-

102 3621 201 3714 simi)
220 3618 501 3694 Commentario
513 3616 558 3688 in
575 3617 665 3694 Acta
677 3623 946 3720 Apostolorum
956 3617 1075 3716 (Lips.

107 3767 212 3850 ¹808·
229 3759 281 3848 g.)
296 3755 343 3826 ad
369 3738 400 3826 i.
419 3759 467 3828 II.
481 3777 518 3851 p.
537 3771 600 3851 40.
616 3777 715 3852 sqq„
748 3757 815 3828 ubi
837 3755 955 3828 modo
978 3752 1078 3848 equi-

110 3887 192 3964 dem
214 3871 388 3992 deridere
402 3885 629 4004 tightfootii
645 3889 756 3960 horas
777 3887 938 3962 ebroicas
955 3905 992 3962 et
1007 3890 1075 3966 tal*

862 4021 881 4085 d
