2752 4790
587 424 706 468 Lxxvtt

165 595 244 641 rum
269 574 388 676 etiam!
399 571 612 668 insigniora
636 578 866 670 cognitionis
892 607 1015 654 rerum
1041 587 1135 656 divi-

76 791 81 800 ,
158 730 294 776 narum
322 703 524 803 augmenta
554 723 668 800 atque
687 711 909 786 miraculose
936 719 1135 810 amplifica·

157 858 214 910 tas
238 842 380 918 mentis
396 839 606 932 ,animique
635 846 896 934 Apostolorum
926 851 1050 942 dotes,
1093 875 1135 926 ut

159 975 300 1065 cuique
319 972 476 1064 negotio
494 973 716 1065 Apostolico
742 973 898 1050 feliciter
920 1003 957 1055 et
974 991 1133 1081 graviter

166 1105 329 1198 gerendo
357 1128 461 1197 pares
484 1105 739 1178 'redderentur
776 1129 889 1206 atque
918 1115 1052 1192 idonei.
1085 1163 1134 1182 -·

165 1245 212 1310 At
241 1239 430 1310 enimvero
449 1257 552 1312 tanta
578 1257 728 1338 tamque
755 1248 924 1348 enqrmia
946 1251 1133 1344 miracula,
1246 1263 1254 1282 ⁸

162 1395 252 1468 quae
268 1382 373 1468 aegr'e
388 1373 590 1446 admodum
604 1401 690 1449 cum
701 1379 1032 1460 observationibus
1049 1415 1135 1484 psy.

154 1508 359 1604 chologicis
370 1510 569 1582 conciliari
577 1531 728 1608 queant,
743 1515 937 1610 Apostolis
952 1519 1052 1594 festo
1063 1527 1134 1600 illo

151 1647 388 1716 Pentecostes
405 1645 465 1716 die
482 1671 548 1741 per
563 1679 693 1748 ascopa
717 1660 814 1746 ἅγιον
832 1653 923 1747 ipsis
947 1657 1140 1754 illapstun

149 1778 342 1875 obtigisse,
361 1781 653 1876 quamplurimis
669 1785 781 1856 hodie
797 1789 985 1888 theologia
1006 1815 1072 1870 aut
1091 1804 1127 1870 S.
1176 1871 1178 1888 ,

57 1993 81 2001 ᾖ
151 1919 186 1986 S.
213 1915 503 2011 interpretibus,
543 1921 762 2012 praesertim
785 1947 851 2018 per
881 1933 1127 2021 Germaniam,

149 2048 220 2116 viar
237 2051 458 2140 persuaserit
479 2053 744 2142 Griesbachius,
772 2057 949 2150 inprimis
967 2064 1036 2151 iis,
1064 2069 1130 2161 qui

152 2181 279 2254 varios
305 2185 565 2283 theologorum
593 2191 849 2264 recentiorum
870 2194 929 2266 hia
950 2196 994 2266 de
1018 2199 1128 2276 rebus

145 2318 339 2414 cogitandi
371 2347 502 2420 easque
529 2351 575 2396 ex
600 2327 748 2425 antiqui
776 2329 877 2402 orbis
901 2333 1069 2408 moribus
1089 2355 1128 2410 et

145 2454 332 2529 institutis
350 2461 574 2536 aestimandi
592 2464 744 2549 modos,
772 2465 951 2556 variaque
964 2469 1129 2564 pericula
1293 2495 1298 2520 ¹

143 2595 334 2687 exegetica
357 2595 401 2663 in
427 2597 687 2664 narrationem
712 2603 837 2662 Lucae
863 2597 990 2666 Actor.
1019 2623 1048 2672 c.
1078 2607 1124 2674 Il.

146 2726 303 2792 obvians
319 2727 365 2792 de
381 2725 565 2818 prodigiis
588 2724 665 2793 illis
685 2729 1019 2820 pentecostalibus,
1046 2761 1126 2808 non

146 2851 267 2923 modo
282 2853 495 2949 Apostolis,
523 2883 655 2932 verum
671 2863 785 2933 etiam
794 2851 885 2948 'aliia
904 2867 1044 2944 Christi
1062 2874 1124 2944 ad·

146 2986 273 3071 seclis,
302 2990 365 3083 qui
382 3009 463 3066 tum
477 2999 694 3097 congregati
711 3015 851 3092 essent,
887 3025 1039 3100 repente
1058 3010 1122 3080 ob·
1162 3043 1166 3056 ·

141 3123 234 3196 latis
253 3127 458 3200 accuratius
473 3137 618 3209 norint.
653 3145 774 3235 Quam
796 3139 838 3210 in
860 3165 939 3212 rem
957 3139 1122 3216 conferri

144 3279 352 3349 merentur,
374 3284 468 3354 quae
487 3273 626 3366 egregie
650 3277 894 3348 commentati
909 3297 1010 3366 sunt,
1036 3297 1121 3352 tum

143 3396 392 3468 Heinrichsius
417 3396 461 3467 in
487 3403 760 3481 Commentario
786 3388 944 3484 in'Acta
961 3419 1124 3506 Aposto-

143 3533 263 3628 lorum
289 3531 468 3604 methodo
502 3539 694 3630 Koppiana
719 3545 918 3634 adornato,
963 3546 1008 3614 ad
1032 3552 1117 3638 Cap.

141 3667 1114 3778 11.atqueinExcurs.11.et1V.(Goerring.1309.
1157 3759 1162 3785 .
1276 3735 1281 3752 ,

145 3817 179 3868 at
213 3805 358 3896 1512),
397 3821 482 3876 tum
514 3811 728 3881 Kuirroelius
759 3813 801 3881 in
837 3785 1114 3886 Commentario
1224 3897 1230 3902 ,

98 3921 109 3938 ’
144 3937 375 4026 amplissimo
393 3940 436 4012 in
452 3943 544 4015 A'cta
559 3944 832 4040 Apostolorum
847 3947 966 4043 (Lips.
991 3957 1114 4051 1818·)

1291 806 1296 835 l
