2722 4806
669 369 791 414 LXXXV!

218 513 223 517 ’
251 519 442 592 doctrinae
465 520 535 594 sub
551 521 610 594 hia
625 521 769 594 umbris
786 519 949 595 latentes'
968 541 1135 596 accurate
1163 521 1232 593 de·

239 657 472 736 scribantur.
539 663 639 754 Quae
666 675 792 728 autem
820 660 957 732 veritas
999 661 1058 733 his
1091 657 1225 754 imagi-

252 818 346 863 num
369 793 513 863 umbris
540 793 680 888 subsit,
708 811 898 865 certarunt
922 801 957 866 S.
983 801 1017 867 S.
1043 797 1225 888 interpre-

254 946 322 999 tes.
364 933 464 1023 Quae
478 929 528 1000 lis
544 946 589 998 ut
606 926 755 999 facilius
773 920 972 1002 diiudicari
979 931 1114 1026 aliique
1123 926 1226 999 Novi

254 1064 483 1134 Testamenti
505 1064 601 1149 loci,
629 1061 671 1130 in
696 1063 832 1158 quibus
857 1065 1003 1135 eaedem
1027 1087 1083 1134 res
1104 1060 1227 1160 verbis

253 1198 372 1295 magis
399 1198 580 1292 propriis,
607 1211 673 1266 aut
695 1194 764 1264 sub
792 1196 876 1267 aliis
903 1198 1035 1266 saltem
1056 1197 1230 1292 imagini·
1338 1258 1339 1263 ,

253 1331 324 1404 bus
346 1345 689 1425 repraesentantur,
725 1329 864 1400 rectius
888 1327 1095 1423 comparari
1122 1345 1159 1397 et
1184 1330 1230 1398 ad

259 1465 501 1537 illustrandas
519 1463 701 1535 formulas
717 1464 758 1534 in
776 1466 844 1534 hac
862 1463 1021 1560 epistola
1038 1461 1083 1531 ad
1093 1463 1229 1534 Ebrae-
1308 1501 1314 1509 ,

202 1652 214 1669 .
256 1621 297 1670 os
315 1596 444 1669 obvias
463 1597 630 1669 adhiberi
646 1579 809 1694 possint,
835 1599 876 1686 id
893 1597 1134 1695 potissimum
1153 1597 1230 1693 egit

262 1730 509 1804 Griesbachius
528 1733 570 1804 in
587 1737 731 1832 egregia
751 1736 819 1806 hac
838 1731 1156 1808 commentatione
1174 1737 1229 1827 (p.

256 1883 342 1970 429.
359 1873 448 1966 aq.)3
474 1885 518 1940 ut
537 1873 658 1965 primo
687 1871 855 1968 singulas
878 1870 1026 1968 figuras,
1053 1867 1231 1964 equibus

257 2001 455 2098 allegorica
473 2005 539 2075 illa
554 2004 699 2100 pictura
710 2008 928 2101 ‘composita
945 2023 1013 2093 eat,
1039 2006 1118 2076 imo
1139 2002 1234 2100 figu-

259 2157 319 2206 rae
339 2139 520 2234 cuiusque
536 2143 750 2236 praecipuas
766 2143 875 2213 velut
888 2141 1007 2211 lineas
1026 2163 1070 2211 ex
1084 2140 1234 2210 univer-

258 2291 298 2340 sa
318 2271 475 2364 epistola
498 2273 709 2371 colligeret,
735 2295 773 2348 et
798 2275 997 2350 commodo
1024 2273 1156 2344 ordine
1182 2272 1235 2342 ita

258 2404 445 2478 lectorum
469 2409 588 2481 oculis
615 2411 832 2498 subiiceret,
877 2427 920 2480 ut
944 2409 1111 2510 tabulam
1139 2405 1235 2476 mire

260 2541 507 2640 variegatam,
549 2545 592 2616 in
614 2571 685 2642 que
709 2549 855 2617 eaedem
882 2544 1063 2639 imagines
1089 2540 1237 2636 saepius

261 2677 439 2768 repetitae
462 2683 722 2772 reperiuntur,
762 2705 840 2752 uno
864 2679 971 2776 quasi
993 2677 1135 2778 obtutu·
1156 2699 1239 2770 per·

261 2809 418 2880 lustrare
442 2832 579 2906 queant
587 2841 598 2898 ς
636 2819 763 2888 deinde
787 2813 987 2908 allegoriae
1011 2835 1163 2884 sensum
1180 2809 1239 2882 de·

263 2941 429 3016 clareret.
483 2946 604 3016 Misso
621 2965 745 3016 autem
762 2947 909 3039 reliquo
936 2945 1118 3040 epistolae
1135 2967 1241 3040 argu·

215 3135 218 3142 .
262 3093 391 3148 mento
413 3077 461 3152 iis
484 3077 635 3150 tanturn
654 3080 876 3152 immoratus
911 3097 986 3166 est,
1029 3082 1072 3152 in
1105 3077 1239 3174 quibus

265 3203 373 3280 cardo
397 3209 452 3284 rei
476 3215 656 3306 vertitur,
683 3217 756 3289 hoc
774 3235 830 3288 est
858 3217 927 3303 iis,
961 3239 1053 3312 quae
1073 3213 1119 3280 ed
1139 3235 1239 3284 com·

266 3345 496 3437 parationem
520 3353 658 3425 Christi
687 3321 770 3427 cuni
793 3379 941 3426 summo
967 3347 1173 3433 sacerdote,
1201 3362 1240 3414 et

268 3481 313 3552 ad
336 3483 600 3557 vindicandam
620 3489 699 3560 eius
716 3515 802 3586 pree
822 3484 976 3564 iudaicis
996 3479 1239 3580 pontificibus

268 3621 532 3708 praestantiam
549 3623 751 3717 pertinent.
774 3663 825 3682 -
874 3629 952 3716 Qua
975 3617 1128 3715 quidem
1149 3615 1242 3686 ima·

267 3753 371 3845 gines
386 3759 564 3853 epistolae
581 3761 627 3831 ad
641 3741 801 3834 Ebraeos
815 3753 1030 3830 ilhrstrandi
1046 3749 1242 3848 provincie

273 3891 521 3992 Griesbaclzius
540 3895 581 3972 in
610 3899 720 3974 hacce
740 3892 1056 3969 commentatione
1080 3891 1134 3986 (p.
1163 3908 1239 3986 429

269 4059 317 4074 ···
337 4032 442 4118 455·)
466 4048 545 4104 tam
572 4034 700 4117 docte,
728 4034 994 4128 circumspecte
1016 4003 1239 4101 etaecur'ate
