2722 4806
306 437 541 530 epistolarum
559 431 800 533 Paulinus-unt
815 447 898 510 sect.
915 440 943 508 1.
1067 447 1114 527 13
1212 447 1215 454 ’

132 619 221 704 gitur
241 615 400 681 historiae
422 615 721 706 illiuskhcneficio,
743 633 782 679 ut
797 621 969 702 plerosque
992 633 1115 682 errores
1165 639 1167 644 ·
1271 657 1276 665 ·

130 719 317 820 graviores,
346 743 388 814 (a
406 737 549 820 quibus,
570 747 609 794 ut
631 751 723 796 nunc
746 746 816 812 est,
836 755 880 796 ne
902 703 1117 818 neritissirirut
1166 770 1170 778 ,
1194 725 1223 776 '¹

61 831 67 844 Ι
130 851 269 938 quidem
297 865 336 914 ae
363 849 631 935 diligentissimus
661 849 795 920 criticus
817 849 895 916 satia
918 849 980 914 silai
1005 871 1120 916 cavere

130 975 276 1056 pateam)
301 964 389 1030 facili
407 966 542 1053 negotio
559 964 699 1039 evitare,
723 963 904 1052 iudiciique
922 965 1119 1032 nostriveri·

134 1101 261 1157 tatem,
294 1103 362 1148 non
393 1081 618 1170 probabilibus
650 1097 782 1146 tantum
813 1083 1119 1162 coniectationibue,
1175 1143 1180 1154 .

132 1203 192 1266 aed
208 1199 403 1266 firmissimis
420 1215 454 1267 et
464 1197 609 1264 indubiis
626 1201 842 1287 argumentis.
868 1215 1121 1268 commonstrare

131 1319 304 1406 possimus.
350 1317 416 1405 Qui
446 1318 535 1383 euim
556 1317 776 1405 corruptionis
798 1317 983 1408 otigineur,
1005 1339 1121 1406 propa·

129 1439 317 1524 gatiouem,
345 1438 600 1524 universamque
639 1436 810 1502 historiam
835 1439 970 1517 novit,
1008 1451 1119 1502 veram

98 1579 104 1590 ·
128 1553 370 1620 emendationis
390 1555 550 1618 rationem
575 1555 730 1620 facillime
750 1554 922 1636 inveniet,
941 1573 1041 1642 atque
1059 1579 1120 1620 cna

125 1689 237 1740 textus
256 1673 328 1748 sic,¹
345 1695 407 1738 nec
423 1665 537 1747 aliter,
559 1671 769 1760 corrigendus
783 1663 846 1748 sit,
868 1675 1041 1760 perspicue
1059 1677 1118 1740 do·
1160 1713 1164 1722 .

86 1866 90 1877 ¹
127 1813 204 1860 cere
239 1790 372 1876 poterit.
421 1793 495 1855 Nec
526 1772 819 1858 instrumentorum
853 1793 976 1880 quibus
1007 1792 1116 1860 critici
1166 1787 1170 1802 ’

48 1890 52 1898 ’
127 1925 274 1975 utuntur
292 1908 462 1986 (nimirum
484 1909 635 1976 codicum
658 1910 978 2004 manuscriptorum,
995 1911 1115 1978 versio·

23 2069 27 2078 ·
129 2047 219 2090 uuna
235 2042 267 2088 et
284 2029 516 2112 allegationum
529 2025 564 2088 in
582 2025 673 2090 libris
692 2028 892 2112 scriptorum
911 2046 1116 2096 vetustorum

131 2143 397 2228 occurrentium)
415 2165 526 2208 veram
550 2143 716 2217 indolem,
741 2141 869 2207 iustum
894 2142 1052 2229 pretium,
1074 2146 1118 2206 le·

128 2260 357 2350 gitimumque
371 2283 467 2326 usum
482 2263 614 2326 aliunde
632 2260 827 2349 cognoscere
842 2260 937 2342 licet,
959 2281 1057 2349 quam
1080 2283 1119 2324 ex

129 2383 215 2454 hac,
239 2379 280 2446 ds
301 2403 367 2468 qoa
392 2380 577 2470 loquimur,
608 2380 691 2446 aseri
717 2395 825 2446 textus
855 2379 1004 2445 historia.
1049 2381 1118 2444 Hac
1203 2421 1205 2426 -
1276 2388 1279 2400 '

129 2499 224 2564 enim
240 2499 392 2586 magistra
418 2500 594 2578 discimus,
616 2499 654 2562 ad
671 2519 848 2585 quamnam
872 2497 1032 2562 familiam
1050 2497 1119 2560 sive
1138 2517 1141 2522 ’

129 2619 364 2683 recensionem
386 2617 578 2680 referendus
603 2637 635 2678 v.
653 2637 683 2678 c.
707 2611 752 2676 sit
772 2613 876 2676 codex
900 2609 1057 2698 quisque,
1081 2614 1122 2676 de

129 2733 232 2798 euius
258 2729 403 2792 lectione
427 2729 621 2814 quaeritari
647 2743 815 2794 vetustane
838 2727 883 2792 sit
908 2751 943 2794 ea
962 2733 1000 2796 ad
1022 2753 1121 2819 quam
1183 2754 1185 2765 ·
1281 2745 1285 2758 ’

134 2849 248 2940 codex
273 2843 411 2930 pertinet
433 2845 553 2926 editio,
576 2869 616 2914 an
640 2845 827 2914 recentiori
848 2833 959 2914 utrum
982 2849 1120 2938 puriori·
1191 2881 1196 2895 ,

131 2967 198 3030 laus
218 2965 414 3028 accensenda
430 2966 490 3042 sit,
511 2947 796 3057 an‘ioterpolatis?
816 2989 976 3056 quaenam
993 2971 1117 3056 praeci·

131 3105 202 3172 pate
222 3079 292 3148 tint
304 3081 402 3146 huius
416 3085 613 3152 recensionis
627 3086 784 3163 virtutes,
806 3107 918 3174 quove
934 3107 1119 3153 naevorum

67 3244 70 3253 .
129 3221 256 3289 genere
292 3195 559 3278 (omisaionibus‚
591 3205 840 3278 additamentis,
862 3208 1117 3290 ,glossematibus

11 3383 12 3420 ,
56 3331 61 3344 ·
135 3323 217 3396 ete.)
239 3313 454 3403 potissimum
468 3317 637 3402 depravata
652 3313 720 3390 ilat
743 3324 909 3410 quodnam
928 3323 1120 3410 pontiam»

132 3435 308 3500 iacendum
326 3431 370 3496 sit
385 3437 575 3498 testimonio
589 3431 812 3504 consentienti
839 3441 1008 3505 universae
1024 3437 1118 3502 iami-

134 3553 227 3617 tiast
249 3575 331 3615 num
349 3567 468 3626 testes,
491 3551 552 3640 qui
574 3555 657 3618 harre
671 3557 827 3620 familiam
844 3561 1062 3642 constituunt,
1084 3555 1120 3618 in

11 3667 12 3670 '
102 3707 105 3714 ·
137 3671 173 3734 e'a
192 3673 234 3734 de
255 3691 320 3755 qua
336 3669 524 3756 disputatur
535 3669 676 3735 lectione
691 3675 796 3740 amico
812 3689 972 3740 consensa
994 3669 1121 3755 conspi-

140 3799 232 3858 rent,
255 3808 295 3848 an
319 3785 357 3848 in
381 3787 671 3854 diversas-abeant
694 3789 823 3874 partes?
846 3809 1009 3876 quaenam
1029 3787 1119 3852 fami·

141 3900 204 3962 liae
224 3925 315 3986 pars,
346 3923 414 3970 non
434 3927 575 3971 numero
599 3909 809 3970 tantumne
831 3919 935 3970 aetate
963 3905 1062 3972 etiam
1088 3919 1120 3974 et

141 4017 285 4086 bonitate
302 4028 577 4114 sanctitateque,
599 4023 710 4118 potior
725 4024 789 4104 sit,
811 4043 891 4090 eane
906 4046 990 4114 qssae
1011 4027 1118 4094 lectio·
1212 4045 1219 4054 ’
