2722 4806
711 395 831 437 Lxxxlv

208 539 210 548 ’
279 529 502 645 Abfassung'
524 547 677 618 unser'er
720 560 846 614 ersten
880 545 971 638 drey
1003 549 1264 626 hanonischen

282 685 513 782 Evangelien
537 681 579 752 in
608 677 775 751 eiusdem
806 677 923 753 libro:
964 685 1286 785 humerhungen¹

283 848 320 894 u.
345 826 502 892 Zusitze
525 842 575 888 zu
597 815 644 888 h.
673 818 722 884 D.
750 811 950 886 Michaelis
971 791 1193 918 Einieitung
1214 824 1258 895 in

284 955 342 1026 die
358 951 547 1025 Schriften
561 951 623 1020 des
641 971 766 1020 neuen
787 950 949 1038 Bundes,
977 952 1164 1026 iibersetzt
1180 981 1259 1030 von

283 1095 327 1161 E.
362 1095 401 1160 F.
445 1092 490 1160 K.
531 1081 795 1157 Rosenmiiller
833 1084 902 1153 Th.
935 1091 984 1156 11.
1024 1090 1256 1187 (Gottingen

288 1245 397 1316 1503,
414 1225 492 1317 4,),
517 1215 693 1309 inprimis
710 1230 835 1284 eutem
854 1215 896 1284 in
910 1215 946 1286 b.
962 1222 1153 1292 Bertholdr'
1171 1225 1261 1296 Ein.

217 1349 220 1354 ¹
285 1360 434 1450 leitung
459 1351 503 1421 in
525 1349 584 1418 die
609 1341 800 1420 'Schriften
823 1347 886 1418 des
909 1347 955 1419 Α.
982 1375 1020 1420 u.
1047 1359 1095 1422 N.
1113 1361 1156 1426 Β.
1187 1361 1260 1430 Th.

287 1497 354 1562 III.
379 1511 461 1582 pag.
501 1505 591 1580 1091
626 1505 725 1574 sqq„
760 1497 868 1576 etque
890 1482 933 1554 in
958 1486 1106 1582 egregio
1128 1488 1262 1563 libello

283 1629 375 1692 Ven.
400 1617 589 1692 ,Gieselerir
622 1614 1071 1698 Historisch-kritischer
1094 1627 1260 1696 Versuch

283 1755 373 1824 iiber
390 1753 449 1822 die
464 1751 704 1844 Entstehung
719 1749 798 1820 und
817 1750 853 1821 d.
880 1748 1076 1825 friihesten
1108 1757 1258 1830 Schich-

284 1890 359 1962 sale
373 1887 438 1958 der
457 1883 717 1958 schriftlichen
736 1886 979 1984 Evangelien.
1007 1890 1124 1988 (Lips.
1149 1913 1256 1985 1818·

286 2029 353 2118 g.),
374 2021 541 2094 cuiaddi
555 2037 699 2115 potest:
726 2019 1259 2122 Theologisch·exegetisches

286 2155 713 2230 Conservatorium.v0n
738 2157 893 2242 Patulus,
921 2177 1018 2230 erate
1036 2161 1252 2260 Lieferung.

283 2291 522 2390 (Heidelberg
557 2311 664 2380 1822.
692 2293 745 2384 8.)
769 2327 822 2346 -
845 2291 933 2372 Alio
961 2293 1091 2366 forsan
1113 2313 1257 2388 tempo-

282 2451 341 2515 re,
377 2425 527 2520 alioque
542 2425 626 2495 loco
651 2425 935 2520 opportuniori,
970 2429 1004 2497 si
1019 2433 1121 2500 Deus
1140 2427 1259 2502 vitam
1359 2465 1360 2498 t

280 2561 452 2658 viresque
483 2561 722 2647 concesserit,
759 2543 850 2656 quii
870 2563 935 2633 his
964 2561 1009 2632 de
1040 2561 1149 2634 rebus
1174 2563 1257 2657 ipse

282 2697 464 2780 sentiam,
492 2695 558 2788 qui
573 2695 646 2766 hoc
662 2713 926 2792 argumentum
941 2720 1007 2788 per
1020 2698 1181 2792 longum
1195 2699 1256 2770 vi·

281 2845 341 2898 tae
374 2849 476 2896 meae
504 2827 703 2900 decursum
731 2832 843 2902 toties
873 2847 998 2901 mente
1037 2831 1252 2924 volvissem,

283 2959 486 3034 accuratius
503 2982 588 3030 sum
602 2961 853 3054 expositurus.
925 2975 930 2980 ’

378 3101 426 3166 In
446 3095 765 3166 commentatione
796 3093 909 3166 huius
933 3101 1141 3172 voluminis
1163 3104 1252 3171 duo-

280 3231 417 3300 decima
442 3233 600 3322 (XXIII.
633 3201 713 3326 pag.
742 3232 818 3326 426
834 3239 1020 3330 -455.),
1056 3233 1250 3327 quaeriue

230 3345 235 3356 ⁸
279 3383 551 3462 programmata
568 3369 794 3463 (a.1791.et
813 3372 954 3466 1792),
977 3387 1091 3460 eoque
1108 3367 1155 3436 ab
1172 3343 1260 3439 Au·¹
1359 3383 1360 3450 j

223 3588 225 3596 .
276 3518 380 3574 ctore
396 3501 588 3598 recognita
605 3500 793 3590 continet,
828 3503 950 3598 agitur
966 3501 1011 3572 de
1027 3503 1249 3600 suffraginibus
1307 3515 1310 3524 '
1358 3569 1360 3610 λ

235 3631 239 3638 ’
275 3641 442 3724 iudaicis,
486 3636 611 3733 quibus
643 3655 772 3710 auctor
807 3635 975 3731 epistolae
1010 3637 1062 3705 ad
1088 3635 1249 3710 Ebrceos
1359 3613 1360 3624 ἵ

275 3775 312 3844 in
338 3772 566 3847 describenda
589 3776 746 3847 Messiae
771 3769 960 3868 provincia
995 3793 1078 3840 usus
1107 3788 1168 3840 est.
1197 3809 1248 3827 —

243 3936 246 3942 ·
274 3913 319 3976 In
336 3909 404 3980 hac
425 3909 740 3982 commentatione
759 3905 880 3978 adhuc
898 3905 1000 3976 lectu
1020 3903 1242 4002 dignissima

275 4039 439 4136 primum
461 4044 604 4116 Auctor
625 4063 749 4116 causas
767 4057 867 4116 recte
901 4041 1079 4138 exponit,
1125 4063 1239 4140 quare
