2752 4790
729 393 781 436 Ην

278 551 420 626 accedit
455 554 548 640 hoc,
600 543 808 620 secundum
850 545 1036 642 principia
1080 549 1255 644 ipsorum
1348 534 1353 542 ¹

277 689 567 762 reformatorum
609 679 783 756 ecclesiae
810 698 971 788 ¹nostrae
1017 686 1252 782 evangelicae

276 823 452 922 dogmata
488 819 691 895 christiana
724 813 992 888 conformanda
1015 843 1093 892 esse
1122 821 1168 892 ad
1191 843 1255 890 ve·
1339 881 1345 889 .

277 984 360 1031 rum
385 983 573 1030 sacrarum
587 957 783 1028 literarum
799 977 964 1042 sensum,
990 979 1059 1026 nec
1074 956 1156 1026 vice
1171 979 1253 1027 ver-

276 1115 315 1167 sa
332 1096 435 1166 hunc
456 1079 682 1185 mutandum
705 1102 771 1156 aut
789 1085 880 1156 adeo
899 1091 1158 1162 mutilandtnn
1180 1111 1258 1163 esse
1305 1167 1311 1180 ⁸

171 1311 175 1327 ι
275 1227 322 1301 ad
355 1229 554 1325 opiniones
584 1223 862 1317 qualescunque
886 1203 1085 1293 'humanas
1146 1227 1290 1297 Recta'

277 1381 315 1435 et
342 1383 429 1434 sana
452 1353 713 1452 interpretatio
743 1357 778 1426 S.
800 1357 835 1425 S.
871 1353 999 1448 potius
1025 1354 1260 1429 instituenda
1363 1437 1364 1440 Ἴ

277 1503 333 1568 est
367 1519 412 1564 ex
442 1480 514 1564 usu
545 1461 728 1586 loquendi
768 1504 805 1560 et
839 1488 1065 1559 notionibus
1100 1491 1260 1564 illorum
1364 1553 1365 1556 ,

275 1645 503 1724 temporum.
528 1663 580 1682 -
605 1623 751 1698 Deinde
764 1647 911 1697 sumere
925 1625 1075 1728 uidetur
1097 1625 1261 1698 Griesba·

219 1862 221 1868 Α
277 1761 376 1834 chius
395 1763 523 1837 in·hac
539 1734 782 1858 prolusione,
817 1761 1019 1858 epistolam
1035 1761 1081 1832 ad
1096 1761 1258 1833 Ebraeos

177 1908 182 1917 ’
277 1919 357 1968 esse
375 1921 406 1969 a.
424 1898 579 1988 Paullo,
618 1897 824 1992 Apostolo,
862 1897 1059 1993 scriptam,
1097 1897 1262 1993 adeoque

277 2029 540 2128 Apostolicam
571 2057 658 2132 prae
680 2057 718 2104 se
738 2029 836 2103 ferre
854 2027 1133 2118 auctoritaitem‚
1161 2033 1263 2128 quod

279 2157 405 2236 tutem
449 2186 538 2262 post
575 2167 611 2240 b.
648 2169 890 2268 Ζίεςῖενιιιη,ι
939 2185 1051 2262 atque
1084 2167 1260 2261 inprimis

279 2297 494 2390 Schulzium,
508 2303 556 2394 (V
556 2301 855 2376 ratislaviensem
864 2299 1118 2399 Theologum)
1130 2317 1261 2373 nostra

280 2449 397 2507 aetate
413 2436 521 2508 valde
539 2437 705 2508 dubitari
723 2453 882 2512 constat.

379 2575 575 2644 Caeterum
591 2573 765 2644 lubenter
782 2569 1043 2660 concedimus,
1071 2568 1263 2642 coniectu·

236 2751 242 2764 .
279 2726 361 2773 ram
379 2709 463 2782 διοτι
480 2729 549 2802 pro
570 2713 609 2782 δι’
623 2709 662 2784 οὖ
680 2731 701 2779 a
724 2705 954 2782 Griesbuclrio
972 2705 1015 2774 in
1029 2683 1130 2776 nova¹
1148 2705 1263 2776 etiam

281 2835 448 2906 editione
476 2841 524 2910 N.
556 2839 757 2925 T.,critica
783 2837 1043 2944 infarragine
1074 2839 1263 2912 variarum

279 2966 488 3042 lectionum
508 2968 706 3044 admissam
720 2969 922 3070 admodum
936 2967 1088 3052 facilem
1098 2993 1180 3044 ‘esse
1187 3023 1198 3058 ‚
1225 2986 1263 3041 et

281 3126 327 3172 err
341 3101 494 3199 antiqua
510 3103 692 3198 scriptura
710 3087 905 3176 continua
918 3103 1000 3176 sine
1021 3105 1173 3199 negotio
1198 3127 1261 3173 ex-

282 3232 514 3332 plicandanr3
538 3263 630 3310 nam
642 3237 775 3310 literae
791 3241 997 3317 AIOTIKAI
1012 3237 1122 3308 facile
1138 3253 1261 3311 trans·
1328 3333 1331 3340 Δ

283 3369 397 3444 scribi
420 3398 464 3446 ex
486 3395 609 3445 errore
630 3375 871 3446 librariorum
901 3387 1094 3470 poterant=
1135 3381 1261 3447 ΔΙΟΤ-

281 3509 374 3584 ΚΑΙ.
409 3547 460 3566 -
493 3515 637 3584 Damus
668 3507 800 3600 etiam,
841 3511 913 3582 hoc
940 3507 1195 3582 drorobonum
1223 3523 1263 3578 et

279 3644 517 3738 probabilem'
539 3659 691 3719 sensum
719 3643 876 3718 fundere
904 3643 1006 3710 hunc
1030 3641 1130 3736 (pag.
1149 3642 1257 3737 204):

284 3785 427 3876 „Quem
445 3767 580 3881 (Deus)
597 3807 724 3856 rerum
752 3779 923 3856 onmium
944 3775 1143 3848 dominum
1168 3799 1259 3848 con·
1348 3757 1353 3764 ¹

283 3912 443 4004 „stituit
471 3919 771 4015 proptereaquod
784 3919 884 4010 (διοτι
902 3915 974 4008 και)
990 3889 1091 4004 idem
1108 3933 1258 4010 quoquc
