2752 4790
32 440 38 501 ,
586 417 629 465 siv

16 518 35 644 l
118 581 296 680 sergent,
336 575 533 662 Weissenii,
560 573 716 657 δεηιῑιή,
748 577 966 652 Grosbmhii
984 597 1094 674 atque

116 719 232 816 Hugii
249 713 432 810 produnt,
449 731 583 783 verum
598 706 712 778 etiam
724 713 1035 785 consuetudinem
1051 715 1094 782 il·

16 801 30 935 l
116 849 188 922 lius
208 871 299 920 cum
315 865 455 952 magna
468 843 645 912 codicum
661 849 1010 942 manuscriptorum
1026 872 1094 917 nse

114 987 354 1055 collatorum
372 971 476 1068 copia
487 975 699 1045 luculenter
722 974 992 1051 demonstrant:
1019 1008 1093 1053 ure·

117 1118 225 1185 diam
238 1110 344 1208 quasi
355 1110 453 1180 viam
471 1110 512 1181 in
529 1111 618 1181 crisi
631 1117 680 1182 N.
699 1116 744 1181 T.
763 1113 866 1205 inter
882 1115 1098 1186 Griesbaclu‘·

121 1277 181 1320 um
198 1265 233 1318 et
250 1250 419 1346 Hugt'um
444 1247 513 1318 ifle
536 1263 649 1317 tenet.
676 1281 728 1300 -
754 1245 893 1319 Libros
920 1253 969 1317 N.
1001 1252 1045 1320 T.
1063 1250 1100 1318 in

115 1389 208 1459 Asia
234 1401 274 1454 et
297 1389 474 1482 Aegypto
502 1379 705 1454 maximam
737 1359 1102 1478 partemcompost-

114 1539 195 1608 tos,
222 1518 351 1614 ibique
368 1518 412 1589 ab
428 1517 594 1591 ecclesiis
613 1517 904 1614 particularibus
923 1519 1100 1616 syllogen

114 1657 305 1754 duplicem
315 1689 378 1733 του
398 1656 599 1752 εὖαγγελιου
617 1672 654 1725 et
671 1687 732 1732 του
751 1663 944 1733 &morello
959 1653 1098 1728 factam

16 1763 24 1806 ὲ
112 1815 204 1882 esse,
231 1791 413 1889 plurimas
427 1808 553 1863 autem
571 1791 835 1884 corruptiones
851 1809 977 1864 textus
995 1815 1098 1889 grae2

114 1930 151 2001 ci
170 1927 360 2026 profectas
384 1925 502 1999 fuisse
519 1926 742 2023 corrigendo
764 1943 803 1997 et
824 1928 1057 1999 emendando
1079 1951 1099 1998 a

117 2063 372 2162 grammaticis
385 2063 655 2150 Alexandrinis,
672 2080 772 2168 recte
783 2061 957 2134 observat
971 2063 1100 2132 Schol-

116 2200 206 2296 zius
227 2199 285 2293 (in
307 2201 398 2271 curis
412 2201 561 2286 criticis,
589 2195 742 2299 p.,19.);
769 2197 833 2269 sed
843 2198 920 2272 alio
938 2172 1098 2295 locotp.

16 2330 32 2396 l?
116 2339 195 2430 27.)
216 2359 303 2406 cum
334 2333 565 2408 Grr'esbaclrio
587 2335 800 2410 consentire
813 2335 982 2421 videtur,
1009 2335 1100 2406 duas

114 2471 287 2544 codicum
304 2471 440 2545 classes
463 2471 724 2568 distinguens,
752 2471 1049 2543 Alexandrinam
1068 2486 1106 2536 et

121 2601 415 2690 Occideutoletm
448 2625 486 2677 at
513 2623 712 2696 utramque
730 2603 887 2668 classem
905 2597 950 2668 ad
974 2603 1105 2700 Aegy-

116 2746 266 2836 ptiacos
278 2737 392 2804 refert
408 2713 566 2820 codices,
582 2735 648 2830 qni
665 2735 706 2805 in
726 2735 857 2806 multis
872 2722 1022 2832 quidem
1038 2763 1103 2810 an-

118 2867 243 2964 tiquis
258 2867 479 2942 lectionibus
497 2887 727 2963 consonent,
755 2873 819 2946 sed
833 2873 875 2944 in
890 2873 1103 2948 innumeris

118 3007 265 3077 iterum
281 3002 529 3117 itadillerant,
557 3025 600 3082 ut
614 3009 800 3083 natalitiis
817 3012 928 3105 plane
944 3011 1103 3081 diversis
1143 3110 1147 3118 „

123 3140 310 3237 originem
337 3135 469 3208 debere
495 3146 702 3219 videantur.
755 3142 874 3218 Nobis
902 3164 1026 3218 autem
1051 3147 1105 3218 vi·
1151 3199 1160 3208 .

123 3277 233 3348 detur
261 3273 432 3346 recensio
465 3281 687 3357 occidentalis
720 3283 952 3355 Griesbachii
975 3284 1104 3379 potius

122 3432 294 3485 manasse
318 3437 363 3483 ex
378 3412 546 3484 Asiatica
562 3415 664 3491 codd.
682 3424 816 3506 classe,
843 3441 910 3492 seu
934 3451 1027 3514 notor,
1056 3425 1108 3490 ἐκ·

126 3559 212 3626 loen
236 3552 380 3649 Hugii,
423 3571 609 3646 quamsit
637 3558 891 3657 Aegyptiace,
926 3573 1022 3648 quae
1052 3567 1106 3621 est
1179 3545 1181 3550 ’

126 3683 292 3756 schulzii
305 3685 451 3779 opinio.
471 3723 522 3740 -
539 3691 586 3758 In
604 3684 731 3777 altero,
757 3713 878 3783 eoque
893 3681 1104 3776 recentiori,

125 3820 256 3891 usam
280 3819 458 3915 (biblisch
473 3801 494 3878 “-
509 3822 695 3895 iriense
721 3823 846 3917 nasa)
866 3827 957 3892 ven.
977 3823 1105 3896 scion
1146 3887 1157 3909 ,
1270 3873 1273 3882 .

17 4031 18 4034 ¹
126 3955 221 4026 bene
245 3975 375 4029 monet
400 3963 454 4054 (p.
484 3983 565 4054 177·
593 3963 691 4056 sqq.)
712 3975 858 4032 textum
872 3963 918 4034 N.
939 3965 982 4034 T.
1003 3985 1104 4055 grue-
