2752 4790
717 381 820 427 xxvm

280 538 381 628 „bris
398 529 533 612 tradite
550 558 628 611 esse
645 537 704 607 Tu
724 534 940 622 contendis,
968 535 1081 612 fidem
1093 514 1254 612 nonha-

241 737 243 746 .
278 677 455 762 „bemns,
481 675 559 748 nisi
577 698 622 746 cx
644 671 771 746 Veteri
787 677 1027 748 Testamento
1042 699 1172 748 eorum
1190 701 1259 748 ve·-

280 813 453 900 „ritatem
467 811 635 894 evincas3
663 832 821 904 cumque
853 832 922 906 ego
946 813 1124 907 quaedam
1151 817 1253 886 Novi

277 950 525 1032 „Testamenti
553 949 636 1019 loca
665 941 876 1038 proferrem
906 950 1077 1043 (λεγοντος
1099 979 1164 1047 μου
1194 948 1255 1024 αὖ·

277 1111 388 1173 „rem
416 1090 468 1158 in
490 1080 716 1176 γεγραπται),
751 1095 1002 1170 reposuerunt
1021 1083 1254 1154 illi‘oracula

264 1199 405 1310 7‚,(cum
425 1215 529 1296 istis,
565 1228 609 1284 nt
630 1207 842 1300 videbatur,
868 1215 1096 1305 pugnantia)
1122 1241 1142 1286 e
1172 1223 1252 1287 Vet.

275 1359 401 1439 ‚,Test.
417 1344 527 1416 libris
543 1344 738 1438 depromta
756 1345 994 1444 (ἂπεκριθησαν
1011 1377 1078 1446 μοι,
1105 1354 1157 1423 ὁτι
1176 1382 1255 1447 προ·

272 1483 474 1584 ,memo-‘f
497 1517 548 1536 -
580 1475 783 1551 Manifeste
809 1479 912 1551 enim
930 1482 974 1552 cle
995 1483 1120 1555 eodem
1136 1482 1254 1554 libro·
1322 1463 1328 1484 ⁸

271 1639 358 1686 rum
378 1636 529 1712 genere,
553 1605 744 1688 *sireno'vi
758 1615 838 1687 sive
860 1616 998 1691 veteris
1023 1618 1251 1702 testamenti,

270 1754 379 1824 locus
395 1749 562 1846 intelligi
578 1749 686 1820 debet
692 1777 703 1837 3
731 1767 860 1847 atque,
889 1777 1008 1846 quum
1022 1769 1129 1824 antea
1144 1753 1189 1823 de
1204 1754 1251 1825 li-

180 1922 186 1934 ·
270 1886 349 1957 bris
366 1894 515 1986 ἂρχαιοις
538 1877 661 1958 sermo
683 1885 753 1975 sit,
799 1886 914 1957 etiam
941 1859 1115 1996 formula.
1131 1917 1251 1986 γεγρα·

269 2057 352 2101 πται
384 2047 465 2094 non
488 2018 533 2093 de
556 2023 681 2112 Novi,
713 2021 778 2094 sed
804 2022 849 2092 de
870 2027 1010 2097 Veteris
1026 2030 1188 2096 Testamss
1206 2023 1252 2093 li-

270 2157 351 2244 bris
368 2158 610 2253 intelligenda
633 2176 710 2245 est,
737 2157 914 2252 inprimis
938 2185 1057 2255 quum
1082 2159 1252 2256 Ignatius

271 2314 438 2387 pugnam
454 2292 590 2364 veteris
603 2265 643 2363 et
657 2289 994 2384 notiTestamenti
1008 2295 1063 2366 ob·
1077 2317 1252 2390 magnam

275 2429 546 2521 Prophetarum
572 2429 822 2500 reverentiam
847 2453 957 2524 supra
974 2455 1005 2500 c.
1031 2435 1074 2501 V.
1094 2429 1253 2500 declara-

273 2575 353 2632 tam
374 2563 575 2634 concedere
595 2565 695 2634 haud
716 2567 913 2658 potuisset.
948 2601 1000 2620 -·
1033 2565 1100 2636 Sin
1123 2555 1252 2636 autem'

270 2695 453 2792 praeferas
481 2696 599 2768 atium
632 2694 836 2771 verborum
859 2723 1007 2772 sensum
1031 2725 1052 2770 a
1073 2700 1242 2773 Griesba-

268 2829 356 2928 chio
379 2828 422 2897 in
443 2827 536 2902 nota
568 2833 693 2902 textui
716 2833 881 2904 subiecta
912 2833 1137 2920 admissum,
1174 2859 1251 2932 quo

269 2955 496 3060 utrumque,
521 2982 597 3036 tam
616 2965 817 3068 reppererat
840 2989 953 3062 quam
981 3001 1170 3070 προκειται,
1204 2969 1249 3070 fid

268 3101 422 3172 oracula
448 3099 591 3174 Veteris
615 3101 845 3175 Testamenti
868 3101 1048 3189 refertur,
1090 3103 1180 3195 quae
1202 3079 1255 3172 ab*

267 3251 426 3328 utraque
451 3251 555 3327 parte
574 3235 617 3304 in
639 3261 717 3308 rem
744 3261 850 3308 suam
874 3240 1101 3321 excitentur,
1136 3197 1248 3329 attius

269 3375 500 3466 inmerserat
517 3371 701 3443 vertitur:
728 3375 832 3445 aliter
847 3387 970 3447 extat.-
996 3390 1064 3462 ego
1082 3367 1246 3462 quidem,

268 3530 339 3603 quo
354 3508 430 3578 inre
444 3505 533 3576 haec
547 3507 680 3578 verba:
705 3512 758 3584 itt
773 3496 954 3609 πρόκειται,
973 3503 1026 3573 ita
1040 3505 1247 3592 vertantur,

162 3727 172 3740 ἱ
268 3659 379 3735 etque
396 3641 440 3720 ’το
465 3644 584 3716 Aliter
615 3641 832 3728 inseratur,'
859 3637 957 3726 hand
981 3637 1169 3736 intelligo.
1195 3679 1246 3695 -

267 3776 428 3849 Facilior
445 3776 565 3877 igitur
578 3777 676 3850 mihi
690 3755 838 3852 videtur
856 3773 931 3861 via,
947 3799 1061 3872 quam
1077 3775 1247 3846 inierunt

270 3915 302 3982 1.
327 3915 380 3982 D.
406 3915 599 3990 Michaelis
622 3915 665 3988 in
688 3910 830 3987 Introd.
851 3908 892 3981 in
911 3915 960 3983 N.
980 3916 1023 3982 T.
1043 3909 1099 3982 ed.
1119 3915 1179 3982 IV.
1202 3917 1243 3984 1³.
