<?xml version="1.0" encoding="UTF-8"?>
<!DOCTYPE html PUBLIC "-//W3C//DTD XHTML 1.0 Transitional//EN"
    "http://www.w3.org/TR/xhtml1/DTD/xhtml1-transitional.dtd">
<html xmlns="http://www.w3.org/1999/xhtml" xml:lang="en" lang="en">
 <head>
  <title>
</title>
<meta http-equiv="Content-Type" content="text/html;charset=utf-8" />
  <meta name='ocr-system' content='tesseract 3.04.00' />
  <meta name='ocr-capabilities' content='ocr_page ocr_carea ocr_par ocr_line ocrx_word'/>
</head>
<body>
  <div class='ocr_page' id='page_1' title='image "./ioiacobigriesba01griegoog_0561.png"; bbox 0 0 2658 4812; ppageno 0'>
   <div class='ocr_carea' id='block_1_1' title="bbox 349 411 1076 600">
    <p class='ocr_par' dir='ltr' id='par_1_1' title="bbox 349 411 1076 600">
     <span class='ocr_line' id='line_1_1' title="bbox 349 411 1076 600; baseline -0.001 -55"><span class='ocrx_word' id='word_1_1' title='bbox 349 411 821 600; x_wconf 60' lang='lat' dir='ltr'>Edr.11l,7.-1V‚1⁸t.</span> <span class='ocrx_word' id='word_1_2' title='bbox 1001 473 1076 568; x_wconf 79' lang='lat'>467</span> 
     </span>
    </p>
   </div>
   <div class='ocr_carea' id='block_1_2' title="bbox 40 631 1107 2042">
    <p class='ocr_par' dir='ltr' id='par_1_2' title="bbox 40 631 1107 2042">
     <span class='ocr_line' id='line_1_2' title="bbox 40 631 1078 741; baseline -0.005 -18"><span class='ocrx_word' id='word_1_3' title='bbox 40 659 45 668; x_wconf 91' lang='lat'>&#39;</span> <span class='ocrx_word' id='word_1_4' title='bbox 96 655 174 724; x_wconf 87' lang='lat' dir='ltr'>talia</span> <span class='ocrx_word' id='word_1_5' title='bbox 195 631 292 741; x_wconf 84' lang='lat' dir='ltr'>opera</span> <span class='ocrx_word' id='word_1_6' title='bbox 314 677 390 718; x_wconf 86' lang='lat' dir='ltr'>cum</span> <span class='ocrx_word' id='word_1_7' title='bbox 413 653 485 720; x_wconf 83' lang='lat' dir='ltr'>istis</span> <span class='ocrx_word' id='word_1_8' title='bbox 510 651 573 716; x_wconf 89' lang='lat' dir='ltr'>Dei</span> <span class='ocrx_word' id='word_1_9' title='bbox 595 651 747 737; x_wconf 79' lang='lat' dir='ltr'>operibus</span> <span class='ocrx_word' id='word_1_10' title='bbox 778 671 965 738; x_wconf 83' lang='lat' dir='ltr'>comparere</span> <span class='ocrx_word' id='word_1_11' title='bbox 986 673 1078 740; x_wconf 86' lang='lat' dir='ltr'>pote·</span> 
     </span>
     <span class='ocr_line' id='line_1_3' title="bbox 92 767 1079 852; baseline -0.004 -10"><span class='ocrx_word' id='word_1_12' title='bbox 92 795 142 842; x_wconf 88' lang='lat' dir='ltr'>rat</span> <span class='ocrx_word' id='word_1_13' title='bbox 163 795 295 852; x_wconf 79' lang='lat' dir='ltr'>auctor,</span> <span class='ocrx_word' id='word_1_14' title='bbox 326 773 361 836; x_wconf 90' lang='lat' dir='ltr'>in</span> <span class='ocrx_word' id='word_1_15' title='bbox 380 772 609 840; x_wconf 78' lang='lat' dir='ltr'>Rabbinorum</span> <span class='ocrx_word' id='word_1_16' title='bbox 640 771 759 835; x_wconf 83' lang='lat' dir='ltr'>scholis</span> <span class='ocrx_word' id='word_1_17' title='bbox 779 773 941 835; x_wconf 80' lang='lat' dir='ltr'>enutritus</span> <span class='ocrx_word' id='word_1_18' title='bbox 973 789 1006 836; x_wconf 88' lang='lat' dir='ltr'>et</span> <span class='ocrx_word' id='word_1_19' title='bbox 1029 767 1079 838; x_wconf 84' lang='lat' dir='ltr'>ir&#39;t·</span> 
     </span>
     <span class='ocr_line' id='line_1_4' title="bbox 95 863 1076 966; baseline -0.002 -7"><span class='ocrx_word' id='word_1_20' title='bbox 95 895 196 960; x_wconf 87' lang='lat' dir='ltr'>daicis</span> <span class='ocrx_word' id='word_1_21' title='bbox 215 893 432 957; x_wconf 85' lang='lat' dir='ltr'>Medraschim</span> <span class='ocrx_word' id='word_1_22' title='bbox 448 891 610 954; x_wconf 86' lang='lat' dir='ltr'>adsuetus.</span> <span class='ocrx_word' id='word_1_23' title='bbox 654 890 723 966; x_wconf 80' lang='lat' dir='ltr'>Sic&#39;,</span> <span class='ocrx_word' id='word_1_24' title='bbox 751 889 829 952; x_wconf 88' lang='lat' dir='ltr'>dum</span> <span class='ocrx_word' id='word_1_25' title='bbox 854 889 896 953; x_wconf 85' lang='lat' dir='ltr'>dc</span> <span class='ocrx_word' id='word_1_26' title='bbox 920 863 1076 958; x_wconf 75' lang='lat' dir='ltr'>mosaico·</span> 
     </span>
     <span class='ocr_line' id='line_1_5' title="bbox 95 1006 1069 1096; baseline -0.006 -20"><span class='ocrx_word' id='word_1_27' title='bbox 95 1035 181 1086; x_wconf 81' lang='lat' dir='ltr'>rum,</span> <span class='ocrx_word' id='word_1_28' title='bbox 197 1010 428 1075; x_wconf 86' lang='lat' dir='ltr'>institutorum</span> <span class='ocrx_word' id='word_1_29' title='bbox 438 1006 646 1096; x_wconf 79' lang='lat' dir='ltr'>abrogatione</span> <span class='ocrx_word' id='word_1_30' title='bbox 656 1007 781 1071; x_wconf 83' lang='lat' dir='ltr'>veriora</span> <span class='ocrx_word' id='word_1_31' title='bbox 798 1010 935 1072; x_wconf 86' lang='lat' dir='ltr'>lectores</span> <span class='ocrx_word' id='word_1_32' title='bbox 944 1010 1069 1082; x_wconf 79' lang='lat' dir='ltr'>etlocct,</span> 
     </span>
     <span class='ocr_line' id='line_1_6' title="bbox 78 1123 1076 1219; baseline 0 -27"><span class='ocrx_word' id='word_1_33' title='bbox 78 1127 200 1219; x_wconf 76' lang='lat' dir='ltr'>¹parcit</span> <span class='ocrx_word' id='word_1_34' title='bbox 218 1127 319 1194; x_wconf 84' lang='lat' dir='ltr'>simul</span> <span class='ocrx_word' id='word_1_35' title='bbox 340 1139 454 1194; x_wconf 85' lang='lat' dir='ltr'>eorum</span> <span class='ocrx_word' id='word_1_36' title='bbox 486 1125 703 1191; x_wconf 75' lang='lat' dir='ltr'>imbecillitati</span> <span class='ocrx_word' id='word_1_37' title='bbox 730 1142 762 1188; x_wconf 86' lang='lat' dir='ltr'>et</span> <span class='ocrx_word' id='word_1_38' title='bbox 783 1123 1007 1196; x_wconf 79' lang='lat' dir='ltr'>nobilissimae</span> <span class='ocrx_word' id='word_1_39' title='bbox 1038 1149 1076 1194; x_wconf 81' lang='lat' dir='ltr'>oc</span> 
     </span>
     <span class='ocr_line' id='line_1_7' title="bbox 95 1243 1075 1332; baseline -0.005 -19"><span class='ocrx_word' id='word_1_40' title='bbox 95 1247 308 1313; x_wconf 74' lang='lat' dir='ltr'>suavissimae</span> <span class='ocrx_word' id='word_1_41' title='bbox 336 1243 493 1332; x_wconf 80' lang='lat' dir='ltr'>imaginis</span> <span class='ocrx_word' id='word_1_42' title='bbox 523 1246 617 1332; x_wconf 88' lang='lat' dir='ltr'>quasi</span> <span class='ocrx_word' id='word_1_43' title='bbox 644 1247 717 1318; x_wconf 85' lang='lat' dir='ltr'>velo</span> <span class='ocrx_word' id='word_1_44' title='bbox 739 1243 866 1330; x_wconf 79' lang='lat' dir='ltr'>obtegit</span> <span class='ocrx_word' id='word_1_45' title='bbox 887 1267 956 1308; x_wconf 84' lang='lat' dir='ltr'>eam</span> <span class='ocrx_word' id='word_1_46' title='bbox 981 1246 1075 1332; x_wconf 77' lang='lat' dir='ltr'>insti·</span> 
     </span>
     <span class='ocr_line' id='line_1_8' title="bbox 92 1345 1107 1451; baseline -0.004 -19"><span class='ocrx_word' id='word_1_47' title='bbox 92 1367 232 1433; x_wconf 85' lang='lat' dir='ltr'>tutionis</span> <span class='ocrx_word' id='word_1_48' title='bbox 254 1387 330 1432; x_wconf 82' lang='lat' dir='ltr'>suae</span> <span class='ocrx_word' id='word_1_49' title='bbox 351 1380 495 1451; x_wconf 83' lang='lat' dir='ltr'>partem,</span> <span class='ocrx_word' id='word_1_50' title='bbox 516 1385 599 1449; x_wconf 87' lang='lat' dir='ltr'>quas</span> <span class='ocrx_word' id='word_1_51' title='bbox 620 1361 646 1426; x_wconf 84' lang='lat' dir='ltr'>si</span> <span class='ocrx_word' id='word_1_52' title='bbox 669 1364 759 1426; x_wconf 88' lang='lat' dir='ltr'>nude</span> <span class='ocrx_word' id='word_1_53' title='bbox 779 1382 812 1428; x_wconf 87' lang='lat' dir='ltr'>ct</span> <span class='ocrx_word' id='word_1_54' title='bbox 833 1345 937 1448; x_wconf 83' lang='lat' dir='ltr'>priam</span> <span class='ocrx_word' id='word_1_55' title='bbox 960 1385 1077 1450; x_wconf 90' lang='lat' dir='ltr'>propo·</span> <span class='ocrx_word' id='word_1_56' title='bbox 1101 1437 1107 1444; x_wconf 46' lang='lat'><em>„</em></span> 
     </span>
     <span class='ocr_line' id='line_1_9' title="bbox 93 1480 1077 1567; baseline -0.003 -18"><span class='ocrx_word' id='word_1_57' title='bbox 93 1491 154 1549; x_wconf 85' lang='lat' dir='ltr'>sita</span> <span class='ocrx_word' id='word_1_58' title='bbox 177 1484 309 1558; x_wconf 79' lang='lat' dir='ltr'>fuisset,</span> <span class='ocrx_word' id='word_1_59' title='bbox 339 1485 481 1547; x_wconf 79' lang='lat' dir='ltr'>Ebracos</span> <span class='ocrx_word' id='word_1_60' title='bbox 513 1485 649 1567; x_wconf 84' lang='lat' dir='ltr'>patriae·</span> <span class='ocrx_word' id='word_1_61' title='bbox 664 1480 831 1564; x_wconf 74' lang='lat' dir='ltr'>religionis</span> <span class='ocrx_word' id='word_1_62' title='bbox 854 1481 1077 1546; x_wconf 84' lang='lat' dir='ltr'>tenacissimos</span> 
     </span>
     <span class='ocr_line' id='line_1_10' title="bbox 95 1598 1079 1688; baseline -0.002 -22"><span class='ocrx_word' id='word_1_63' title='bbox 95 1625 162 1670; x_wconf 83' lang='lat' dir='ltr'>non</span> <span class='ocrx_word' id='word_1_64' title='bbox 193 1605 359 1688; x_wconf 75' lang='lat' dir='ltr'>offendere</span> <span class='ocrx_word' id='word_1_65' title='bbox 388 1625 456 1666; x_wconf 88' lang='lat' dir='ltr'>non</span> <span class='ocrx_word' id='word_1_66' title='bbox 486 1599 655 1688; x_wconf 82' lang='lat' dir='ltr'>potuisset.</span> <span class='ocrx_word' id='word_1_67' title='bbox 697 1599 823 1662; x_wconf 84' lang='lat' dir='ltr'>Eodem</span> <span class='ocrx_word' id='word_1_68' title='bbox 853 1598 991 1664; x_wconf 89' lang='lat' dir='ltr'>srtilicio</span> <span class='ocrx_word' id='word_1_69' title='bbox 1021 1623 1079 1687; x_wconf 82' lang='lat' dir='ltr'>per</span> 
     </span>
     <span class='ocr_line' id='line_1_11' title="bbox 93 1689 1077 1814; baseline -0.003 -30"><span class='ocrx_word' id='word_1_70' title='bbox 93 1715 198 1786; x_wconf 78' lang='lat' dir='ltr'>totarn&#39;</span> <span class='ocrx_word' id='word_1_71' title='bbox 220 1723 392 1806; x_wconf 81' lang='lat' dir='ltr'>epistolam</span> <span class='ocrx_word' id='word_1_72' title='bbox 415 1741 492 1782; x_wconf 86' lang='lat' dir='ltr'>eum</span> <span class='ocrx_word' id='word_1_73' title='bbox 515 1722 583 1788; x_wconf 85' lang='lat' dir='ltr'>uti.</span> <span class='ocrx_word' id='word_1_74' title='bbox 606 1738 705 1782; x_wconf 85' lang='lat' dir='ltr'>nomo</span> <span class='ocrx_word' id='word_1_75' title='bbox 727 1689 865 1801; x_wconf 72' lang='lat' dir='ltr'>ignorat.</span> <span class='ocrx_word' id='word_1_76' title='bbox 909 1717 1077 1814; x_wconf 75' lang='lat' dir='ltr'>Praeterea</span> 
     </span>
     <span class='ocr_line' id='line_1_12' title="bbox 93 1833 1081 1918; baseline -0.004 -18"><span class='ocrx_word' id='word_1_77' title='bbox 93 1841 280 1902; x_wconf 78' lang='lat' dir='ltr'>verissime·</span> <span class='ocrx_word' id='word_1_78' title='bbox 298 1855 510 1904; x_wconf 75' lang='grc' dir='ltr'>καταπαυσιν</span> <span class='ocrx_word' id='word_1_79' title='bbox 541 1833 625 1898; x_wconf 82' lang='lat' dir='ltr'>dixit</span> <span class='ocrx_word' id='word_1_80' title='bbox 654 1835 868 1899; x_wconf 69' lang='lat' dir='ltr'>cessationem</span> <span class='ocrx_word' id='word_1_81' title='bbox 907 1837 946 1896; x_wconf 80' lang='lat' dir='ltr'>ab</span> <span class='ocrx_word' id='word_1_82' title='bbox 975 1836 1081 1918; x_wconf 85' lang='lat' dir='ltr'>operi·</span> 
     </span>
     <span class='ocr_line' id='line_1_13' title="bbox 96 1943 905 2042; baseline -0.002 -24"><span class='ocrx_word' id='word_1_83' title='bbox 96 1957 268 2042; x_wconf 72' lang='lat' dir='ltr'>bns,&#39;qus</span> <span class='ocrx_word' id='word_1_84' title='bbox 289 1943 465 2016; x_wconf 81' lang='lat' dir='ltr'>maximam</span> <span class='ocrx_word' id='word_1_85' title='bbox 486 1968 608 2036; x_wconf 82' lang='lat' dir='ltr'>partem</span> <span class='ocrx_word' id='word_1_86' title='bbox 632 1955 726 2016; x_wconf 86' lang='lat' dir='ltr'>valde</span> <span class='ocrx_word' id='word_1_87' title='bbox 748 1951 905 2016; x_wconf 85' lang='lat' dir='ltr'>molestis.</span> 
     </span>
    </p>
   </div>
   <div class='ocr_carea' id='block_1_3' title="bbox 10 2130 1191 3170">
    <p class='ocr_par' dir='ltr' id='par_1_3' title="bbox 96 2130 1191 2574">
     <span class='ocr_line' id='line_1_14' title="bbox 113 2130 1080 2218; baseline -0.003 -17"><span class='ocrx_word' id='word_1_88' title='bbox 113 2203 117 2218; x_wconf 63' lang='grc'><strong><em>,</em></strong></span> <span class='ocrx_word' id='word_1_89' title='bbox 180 2137 242 2200; x_wconf 84' lang='lat' dir='ltr'>Sed</span> <span class='ocrx_word' id='word_1_90' title='bbox 265 2133 291 2196; x_wconf 90' lang='lat' dir='ltr'>si</span> <span class='ocrx_word' id='word_1_91' title='bbox 316 2137 459 2218; x_wconf 82' lang='lat' dir='ltr'>ingenue</span> <span class='ocrx_word' id='word_1_92' title='bbox 481 2134 569 2218; x_wconf 88' lang='lat' dir='ltr'>quod</span> <span class='ocrx_word' id='word_1_93' title='bbox 592 2149 705 2196; x_wconf 75' lang='lat' dir='ltr'>retest</span> <span class='ocrx_word' id='word_1_94' title='bbox 730 2130 835 2194; x_wconf 83' lang='lat' dir='ltr'>dicere</span> <span class='ocrx_word' id='word_1_95' title='bbox 858 2133 1011 2210; x_wconf 81' lang='lat' dir='ltr'>velimus,</span> <span class='ocrx_word' id='word_1_96' title='bbox 1036 2135 1080 2202; x_wconf 82' lang='lat' dir='ltr'>l&#39;a·</span> 
     </span>
     <span class='ocr_line' id='line_1_15' title="bbox 98 2219 1108 2339; baseline 0 -17"><span class='ocrx_word' id='word_1_97' title='bbox 98 2259 160 2322; x_wconf 89' lang='lat' dir='ltr'>teri</span> <span class='ocrx_word' id='word_1_98' title='bbox 194 2252 385 2318; x_wconf 81' lang='lat' dir='ltr'>debebimus</span> <span class='ocrx_word' id='word_1_99' title='bbox 397 2227 411 2330; x_wconf 28' lang='grc' dir='ltr'>,Ι</span> <span class='ocrx_word' id='word_1_100' title='bbox 444 2253 527 2314; x_wconf 84' lang='lat' dir='ltr'>banc</span> <span class='ocrx_word' id='word_1_101' title='bbox 559 2249 718 2312; x_wconf 79' lang='lat' dir='ltr'>formulae</span> <span class='ocrx_word' id='word_1_102' title='bbox 756 2269 965 2320; x_wconf 75' lang='grc' dir='ltr'><em>καταπαυσις</em></span> <span class='ocrx_word' id='word_1_103' title='bbox 1001 2219 1108 2339; x_wconf 25' lang='grc' dir='ltr'><strong>’Θειουὶ</strong></span> 
     </span>
     <span class='ocr_line' id='line_1_16' title="bbox 96 2363 1191 2460; baseline -0.004 -24"><span class='ocrx_word' id='word_1_104' title='bbox 96 2374 389 2460; x_wconf 81' lang='lat' dir='ltr'>significationem.</span> <span class='ocrx_word' id='word_1_105' title='bbox 429 2363 583 2453; x_wconf 87' lang='lat' dir='ltr'>quamvis</span> <span class='ocrx_word' id='word_1_106' title='bbox 624 2366 812 2451; x_wconf 74' lang='lat' dir='ltr'>postremis,</span> <span class='ocrx_word' id='word_1_107' title='bbox 849 2383 887 2431; x_wconf 88' lang='lat' dir='ltr'>ut</span> <span class='ocrx_word' id='word_1_108' title='bbox 923 2367 1080 2446; x_wconf 81' lang='lat' dir='ltr'>vidimus,</span> <span class='ocrx_word' id='word_1_109' title='bbox 1183 2381 1191 2390; x_wconf 84' lang='grc'><em>·</em></span> 
     </span>
     <span class='ocr_line' id='line_1_17' title="bbox 97 2483 1081 2574; baseline 0 -19"><span class='ocrx_word' id='word_1_110' title='bbox 97 2507 206 2556; x_wconf 84' lang='lat' dir='ltr'>textus</span> <span class='ocrx_word' id='word_1_111' title='bbox 227 2485 445 2555; x_wconf 82' lang='lat' dir='ltr'>commatibus</span> <span class='ocrx_word' id='word_1_112' title='bbox 467 2483 776 2552; x_wconf 79' lang='lat' dir='ltr'>convenientissima</span> <span class='ocrx_word' id='word_1_113' title='bbox 799 2485 852 2558; x_wconf 78' lang='lat' dir='ltr'>sit,</span> <span class='ocrx_word' id='word_1_114' title='bbox 875 2485 915 2548; x_wconf 85' lang='lat' dir='ltr'>ad</span> <span class='ocrx_word' id='word_1_115' title='bbox 937 2487 1081 2574; x_wconf 82' lang='lat' dir='ltr'>priorem</span> 
     </span>
    </p>

    <p class='ocr_par' dir='ltr' id='par_1_4' title="bbox 10 2577 1191 3170">
     <span class='ocr_line' id='line_1_18' title="bbox 10 2577 1081 2694; baseline -0.002 -18"><span class='ocrx_word' id='word_1_116' title='bbox 10 2667 14 2676; x_wconf 92' lang='lat'>.</span> <span class='ocrx_word' id='word_1_117' title='bbox 97 2626 206 2674; x_wconf 80' lang='lat' dir='ltr'>tamen</span> <span class='ocrx_word' id='word_1_118' title='bbox 220 2605 404 2694; x_wconf 76' lang='lat' dir='ltr'>,pericopae</span> <span class='ocrx_word' id='word_1_119' title='bbox 426 2577 639 2692; x_wconf 28' lang='lat' dir='ltr'>portemlnon</span> <span class='ocrx_word' id='word_1_120' title='bbox 668 2599 772 2690; x_wconf 72' lang='lat' dir='ltr'>aeque</span> <span class='ocrx_word' id='word_1_121' title='bbox 801 2609 883 2668; x_wconf 87' lang='lat' dir='ltr'>bene</span> <span class='ocrx_word' id='word_1_122' title='bbox 913 2628 1004 2691; x_wconf 83' lang='lat' dir='ltr'>posse</span> <span class='ocrx_word' id='word_1_123' title='bbox 1030 2629 1081 2674; x_wconf 85' lang='lat' dir='ltr'>ac·</span> 
     </span>
     <span class='ocr_line' id='line_1_19' title="bbox 98 2723 1183 2811; baseline 0 -19"><span class='ocrx_word' id='word_1_124' title='bbox 98 2725 310 2796; x_wconf 75' lang='lat' dir='ltr'>commodari.</span> <span class='ocrx_word' id='word_1_125' title='bbox 354 2723 467 2790; x_wconf 82' lang='lat' dir='ltr'>Saltim</span> <span class='ocrx_word' id='word_1_126' title='bbox 487 2743 504 2784; x_wconf 85' lang='lat' dir='ltr'>a</span> <span class='ocrx_word' id='word_1_127' title='bbox 528 2743 595 2810; x_wconf 82' lang='lat' dir='ltr'>cap.</span> <span class='ocrx_word' id='word_1_128' title='bbox 621 2737 651 2800; x_wconf 80' lang='grc'>3,</span> <span class='ocrx_word' id='word_1_129' title='bbox 675 2740 706 2802; x_wconf 84' lang='lat'>7.</span> <span class='ocrx_word' id='word_1_130' title='bbox 728 2723 768 2784; x_wconf 90' lang='lat' dir='ltr'>ad</span> <span class='ocrx_word' id='word_1_131' title='bbox 790 2743 859 2810; x_wconf 87' lang='lat' dir='ltr'>cap.</span> <span class='ocrx_word' id='word_1_132' title='bbox 881 2745 913 2810; x_wconf 81' lang='lat'>4,</span> <span class='ocrx_word' id='word_1_133' title='bbox 935 2745 964 2792; x_wconf 79' lang='lat' dir='ltr'>a.</span> <span class='ocrx_word' id='word_1_134' title='bbox 986 2731 1083 2811; x_wconf 84' lang='lat' dir='ltr'>plane</span> <span class='ocrx_word' id='word_1_135' title='bbox 1177 2740 1183 2750; x_wconf 91' lang='grc'><strong>“</strong></span> 
     </span>
     <span class='ocr_line' id='line_1_20' title="bbox 97 2821 1115 2931; baseline 0.001 -24"><span class='ocrx_word' id='word_1_136' title='bbox 97 2849 226 2908; x_wconf 80' lang='lat' dir='ltr'>nuttam</span> <span class='ocrx_word' id='word_1_137' title='bbox 258 2843 532 2928; x_wconf 77' lang='lat' dir='ltr'>deprehendimur</span> <span class='ocrx_word' id='word_1_138' title='bbox 561 2839 753 2925; x_wconf 76' lang='lat' dir='ltr'>vestigium,</span> <span class='ocrx_word' id='word_1_139' title='bbox 783 2863 801 2904; x_wconf 90' lang='lat' dir='ltr'>e</span> <span class='ocrx_word' id='word_1_140' title='bbox 834 2863 899 2926; x_wconf 88' lang='lat' dir='ltr'>quo</span> <span class='ocrx_word' id='word_1_141' title='bbox 928 2843 1083 2931; x_wconf 83' lang='lat' dir='ltr'>colligere</span> <span class='ocrx_word' id='word_1_142' title='bbox 1111 2821 1115 2828; x_wconf 22' lang='grc' dir='ltr'>ι</span> 
     </span>
     <span class='ocr_line' id='line_1_21' title="bbox 98 2959 1191 3044; baseline -0.007 -16"><span class='ocrx_word' id='word_1_143' title='bbox 98 2962 214 3036; x_wconf 84' lang='lat' dir='ltr'>liccat,</span> <span class='ocrx_word' id='word_1_144' title='bbox 246 2959 348 3026; x_wconf 83' lang='lat' dir='ltr'>menti</span> <span class='ocrx_word' id='word_1_145' title='bbox 372 2961 536 3044; x_wconf 83' lang='lat' dir='ltr'>auctoris,</span> <span class='ocrx_word' id='word_1_146' title='bbox 567 2961 645 3022; x_wconf 87' lang='lat' dir='ltr'>dum</span> <span class='ocrx_word' id='word_1_147' title='bbox 669 2963 747 3022; x_wconf 88' lang='lat' dir='ltr'>baec</span> <span class='ocrx_word' id='word_1_148' title='bbox 768 2959 935 3037; x_wconf 74' lang='lat' dir='ltr'>scriberet,</span> <span class='ocrx_word' id='word_1_149' title='bbox 966 2965 1081 3028; x_wconf 81' lang='lat' dir='ltr'>obver-</span> <span class='ocrx_word' id='word_1_150' title='bbox 1186 2983 1191 3007; x_wconf 67' lang='lat' dir='ltr'>t</span> 
     </span>
     <span class='ocr_line' id='line_1_22' title="bbox 99 3075 1078 3170; baseline -0.005 -22"><span class='ocrx_word' id='word_1_151' title='bbox 99 3095 202 3148; x_wconf 84' lang='lat' dir='ltr'>satam</span> <span class='ocrx_word' id='word_1_152' title='bbox 225 3102 291 3148; x_wconf 84' lang='lat' dir='ltr'>esse</span> <span class='ocrx_word' id='word_1_153' title='bbox 314 3089 558 3170; x_wconf 69' lang='lat' dir='ltr'>sararov&#39;oawc</span> <span class='ocrx_word' id='word_1_154' title='bbox 590 3076 679 3149; x_wconf 75' lang='grc' dir='ltr'>ἄπο</span> <span class='ocrx_word' id='word_1_155' title='bbox 700 3100 781 3145; x_wconf 79' lang='grc' dir='ltr'>των</span> <span class='ocrx_word' id='word_1_156' title='bbox 805 3075 939 3166; x_wconf 76' lang='grc' dir='ltr'><em>ἔργων</em></span> <span class='ocrx_word' id='word_1_157' title='bbox 961 3080 1078 3148; x_wconf 85' lang='lat' dir='ltr'>ideam.</span> 
     </span>
    </p>
   </div>
   <div class='ocr_carea' id='block_1_4' title="bbox 11 3227 1181 4296">
    <p class='ocr_par' dir='ltr' id='par_1_5' title="bbox 11 3227 1181 4296">
     <span class='ocr_line' id='line_1_23' title="bbox 185 3227 1181 3354; baseline 0.001 -22"><span class='ocrx_word' id='word_1_158' title='bbox 185 3269 298 3354; x_wconf 82' lang='lat' dir='ltr'>Itaque</span> <span class='ocrx_word' id='word_1_159' title='bbox 327 3263 454 3341; x_wconf 80' lang='lat' dir='ltr'>omnis,</span> <span class='ocrx_word' id='word_1_160' title='bbox 485 3261 513 3329; x_wconf 91' lang='lat' dir='ltr'>si</span> <span class='ocrx_word' id='word_1_161' title='bbox 543 3261 605 3328; x_wconf 89' lang='lat' dir='ltr'>rite</span> <span class='ocrx_word' id='word_1_162' title='bbox 635 3227 874 3350; x_wconf 69' lang='lat' dir='ltr'>stpertdantur.</span> <span class='ocrx_word' id='word_1_163' title='bbox 904 3284 944 3328; x_wconf 83' lang='lat' dir='ltr'>stt</span> <span class='ocrx_word' id='word_1_164' title='bbox 974 3265 1081 3334; x_wconf 85' lang='lat' dir='ltr'>conie·</span> <span class='ocrx_word' id='word_1_165' title='bbox 1173 3285 1181 3295; x_wconf 84' lang='grc'><strong>“</strong></span> 
     </span>
     <span class='ocr_line' id='line_1_24' title="bbox 11 3385 1173 3474; baseline -0.007 -21"><span class='ocrx_word' id='word_1_166' title='bbox 11 3403 14 3410; x_wconf 85' lang='grc'><strong>’</strong></span> <span class='ocrx_word' id='word_1_167' title='bbox 102 3401 229 3454; x_wconf 85' lang='lat' dir='ltr'>cturam</span> <span class='ocrx_word' id='word_1_168' title='bbox 250 3405 310 3450; x_wconf 83' lang='lat' dir='ltr'>nos</span> <span class='ocrx_word' id='word_1_169' title='bbox 341 3385 530 3468; x_wconf 81' lang='lat' dir='ltr'>deducunt,</span> <span class='ocrx_word' id='word_1_170' title='bbox 558 3405 643 3468; x_wconf 86' lang='lat' dir='ltr'>quae</span> <span class='ocrx_word' id='word_1_171' title='bbox 671 3397 966 3450; x_wconf 77' lang='lat' dir='ltr'>commentatorum</span> <span class='ocrx_word' id='word_1_172' title='bbox 995 3407 1080 3474; x_wconf 71' lang='lat' dir='ltr'>saga·</span> <span class='ocrx_word' id='word_1_173' title='bbox 1168 3415 1173 3432; x_wconf 80' lang='lat'>=</span> 
     </span>
     <span class='ocr_line' id='line_1_25' title="bbox 100 3499 1081 3589; baseline -0.01 -21"><span class='ocrx_word' id='word_1_174' title='bbox 100 3505 230 3572; x_wconf 76' lang='lat' dir='ltr'>citarem</span> <span class='ocrx_word' id='word_1_175' title='bbox 254 3501 404 3589; x_wconf 84' lang='lat' dir='ltr'>effugisse</span> <span class='ocrx_word' id='word_1_176' title='bbox 422 3502 560 3566; x_wconf 83' lang='lat' dir='ltr'>videtur.</span> <span class='ocrx_word' id='word_1_177' title='bbox 605 3499 815 3586; x_wconf 79' lang='lat' dir='ltr'>suspicamur</span> <span class='ocrx_word' id='word_1_178' title='bbox 833 3501 1001 3574; x_wconf 84' lang='lat' dir='ltr'>nimirum.</span> <span class='ocrx_word' id='word_1_179' title='bbox 1024 3529 1081 3572; x_wconf 66' lang='grc' dir='ltr'>κα.</span> 
     </span>
     <span class='ocr_line' id='line_1_26' title="bbox 102 3617 1083 3706; baseline -0.017 -14"><span class='ocrx_word' id='word_1_180' title='bbox 102 3645 268 3692; x_wconf 73' lang='lat' dir='ltr'>carasco</span> <span class='ocrx_word' id='word_1_181' title='bbox 293 3627 397 3695; x_wconf 70' lang='lat' dir='ltr'>Saos.</span> <span class='ocrx_word' id='word_1_182' title='bbox 427 3617 583 3684; x_wconf 82' lang='lat' dir='ltr'>decasius</span> <span class='ocrx_word' id='word_1_183' title='bbox 607 3618 767 3681; x_wconf 84' lang='lat' dir='ltr'>formulae</span> <span class='ocrx_word' id='word_1_184' title='bbox 798 3619 1083 3706; x_wconf 70' lang='lat' dir='ltr'>ambiguitatem.</span> 
     </span>
     <span class='ocr_line' id='line_1_27' title="bbox 104 3737 1080 3827; baseline -0.002 -25"><span class='ocrx_word' id='word_1_185' title='bbox 104 3763 161 3827; x_wconf 84' lang='lat' dir='ltr'>prs</span> <span class='ocrx_word' id='word_1_186' title='bbox 184 3739 346 3812; x_wconf 77' lang='lat' dir='ltr'>diximus.</span> <span class='ocrx_word' id='word_1_187' title='bbox 369 3759 436 3802; x_wconf 90' lang='lat' dir='ltr'>non</span> <span class='ocrx_word' id='word_1_188' title='bbox 460 3737 563 3802; x_wconf 84' lang='lat' dir='ltr'>solum</span> <span class='ocrx_word' id='word_1_189' title='bbox 587 3737 680 3800; x_wconf 84' lang='lat' dir='ltr'>aliter</span> <span class='ocrx_word' id='word_1_190' title='bbox 701 3740 785 3800; x_wconf 85' lang='lat' dir='ltr'>sumi</span> <span class='ocrx_word' id='word_1_191' title='bbox 808 3737 842 3800; x_wconf 85' lang='lat' dir='ltr'>in</span> <span class='ocrx_word' id='word_1_192' title='bbox 864 3740 937 3804; x_wconf 90' lang='lat' dir='ltr'>loco</span> <span class='ocrx_word' id='word_1_193' title='bbox 959 3761 977 3802; x_wconf 91' lang='lat' dir='ltr'>e</span> <span class='ocrx_word' id='word_1_194' title='bbox 998 3741 1080 3802; x_wconf 84' lang='lat' dir='ltr'>Psal-</span> 
     </span>
     <span class='ocr_line' id='line_1_28' title="bbox 105 3852 1079 3944; baseline 0.001 -24"><span class='ocrx_word' id='word_1_195' title='bbox 105 3879 161 3922; x_wconf 85' lang='lat' dir='ltr'>mo</span> <span class='ocrx_word' id='word_1_196' title='bbox 191 3859 345 3928; x_wconf 71' lang='lat' dir='ltr'>excitato.</span> <span class='ocrx_word' id='word_1_197' title='bbox 376 3877 443 3944; x_wconf 86' lang='lat' dir='ltr'>crp.</span> <span class='ocrx_word' id='word_1_198' title='bbox 474 3871 512 3934; x_wconf 82' lang='grc'>3,</span> <span class='ocrx_word' id='word_1_199' title='bbox 545 3875 593 3926; x_wconf 88' lang='lat'>11.</span> <span class='ocrx_word' id='word_1_200' title='bbox 624 3852 715 3918; x_wconf 86' lang='lat' dir='ltr'>aliter</span> <span class='ocrx_word' id='word_1_201' title='bbox 745 3855 779 3918; x_wconf 89' lang='lat' dir='ltr'>in</span> <span class='ocrx_word' id='word_1_202' title='bbox 810 3855 875 3922; x_wconf 90' lang='lat' dir='ltr'>loci</span> <span class='ocrx_word' id='word_1_203' title='bbox 907 3853 1007 3918; x_wconf 83' lang='lat' dir='ltr'>buius</span> <span class='ocrx_word' id='word_1_204' title='bbox 1038 3859 1079 3921; x_wconf 82' lang='lat' dir='ltr'>ad</span> 
     </span>
     <span class='ocr_line' id='line_1_29' title="bbox 104 3971 1079 4062; baseline 0.001 -23"><span class='ocrx_word' id='word_1_205' title='bbox 104 3975 246 4040; x_wconf 82' lang='lat' dir='ltr'>Ebracos</span> <span class='ocrx_word' id='word_1_206' title='bbox 269 3975 504 4062; x_wconf 78' lang='lat' dir='ltr'>applicatione.</span> <span class='ocrx_word' id='word_1_207' title='bbox 527 3976 582 4038; x_wconf 83' lang='lat' dir='ltr'>red</span> <span class='ocrx_word' id='word_1_208' title='bbox 605 3973 668 4037; x_wconf 82' lang='lat' dir='ltr'>alio</span> <span class='ocrx_word' id='word_1_209' title='bbox 691 3973 787 4036; x_wconf 87' lang='lat' dir='ltr'>ctiam</span> <span class='ocrx_word' id='word_1_210' title='bbox 810 3971 958 4056; x_wconf 80' lang='lat' dir='ltr'>usurpari</span> <span class='ocrx_word' id='word_1_211' title='bbox 983 3995 1079 4040; x_wconf 77' lang='lat' dir='ltr'>sensu</span> 
     </span>
     <span class='ocr_line' id='line_1_30' title="bbox 103 4077 1137 4182; baseline 0.006 -29"><span class='ocrx_word' id='word_1_212' title='bbox 103 4085 268 4176; x_wconf 86' lang='lat' dir='ltr'>in&#39;prior&#39;s</span> <span class='ocrx_word' id='word_1_213' title='bbox 299 4091 525 4182; x_wconf 79' lang='lat' dir='ltr'>applicationis</span> <span class='ocrx_word' id='word_1_214' title='bbox 557 4089 734 4178; x_wconf 68' lang='lat' dir='ltr'>particula,</span> <span class='ocrx_word' id='word_1_215' title='bbox 765 4087 829 4154; x_wconf 87' lang='lat' dir='ltr'>alio</span> <span class='ocrx_word' id='word_1_216' title='bbox 861 4093 894 4153; x_wconf 89' lang='lat' dir='ltr'>in</span> <span class='ocrx_word' id='word_1_217' title='bbox 928 4097 1082 4180; x_wconf 80' lang='lat' dir='ltr'>portario·</span> <span class='ocrx_word' id='word_1_218' title='bbox 1130 4077 1137 4090; x_wconf 45' lang='lat'>³</span> 
     </span>
     <span class='ocr_line' id='line_1_31' title="bbox 781 4211 920 4296; baseline 0.022 -15"><span class='ocrx_word' id='word_1_219' title='bbox 781 4211 880 4296; x_wconf 74' lang='lat' dir='ltr'>th</span> <span class='ocrx_word' id='word_1_220' title='bbox 914 4265 920 4284; x_wconf 88' lang='lat'><strong>.</strong></span> 
     </span>
    </p>
   </div>
   <div class='ocr_carea' id='block_1_5' title="bbox 0 0 1347 4812">
    <p class='ocr_par' dir='ltr' id='par_1_6' title="bbox 0 0 1347 4812">
     <span class='ocr_line' id='line_1_32' title="bbox 0 0 1347 4812; baseline 0 0"><span class='ocrx_word' id='word_1_221' title='bbox 0 0 1347 4812; x_wconf 95' lang='lat' dir='ltr'> </span> 
     </span>
    </p>
   </div>
  </div>
 </body>
</html>
