2752 4790
611 422 676 466 XLV

79 583 85 595 ·
154 561 387 676 praeteriisse
412 571 679 670 quaestionem,
694 582 926 678 primariam:
961 611 1036 688 quo
1054 575 1137 686 iure
1207 677 1212 686 ,

151 729 196 776 ex
211 709 280 780 hac
294 708 499 803 pericopa,
533 707 577 775 in
599 724 675 802 ‘qua
703 717 851 808 spiritus
875 731 1034 808 Sanctus
1060 758 1133 807 una

148 865 238 913 cnm
250 843 428 913 Domino
446 842 549 932 (Iesu
565 841 735 935 Christo)
752 875 771 918 a
790 857 868 928 Deo
891 862 1133 942 claredunu-

146 981 300 1074 guitur,
339 971 512 1042 doctrina
545 973 812 1054 ecclesiastica:
847 994 1023 1080 spiritum
1044 1009 1132 1076 San.

151 1125 281 1190 otum,
307 1129 378 1200 que
391 1129 600 1200 personam,
627 1113 732 1182 Patri
749 1116 835 1210 (qui
853 1120 892 1192 h.
916 1125 943 1195 l.
962 1141 1032 1204 κατ’
1046 1193 1050 1212 ,.
1064 1145 1133 1229 ξξο.

150 1272 220 1338 xvv
238 1247 340 1312 Deus
354 1239 507 1336 dieitur)
525 1260 562 1312 et
580 1244 692 1332 Filio,
721 1252 808 1320 Iesu
831 1254 985 1330 christo
1003 1262 1085 1360 (qui
1098 1271 1134 1340 h.

147 1375 176 1446 l.
212 1375 405 1448 Dominus
439 1399 488 1448 so.
515 1379 692 1480 ecclesiae
715 1384 943 1492 adpellatur)
960 1401 1135 1496 ὁμοουωου

145 1532 244 1594 esse,
272 1510 439 1607 adeoque
464 1515 619 1586 eiusdem
644 1519 756 1612 plone
781 1531 952 1602 essentiae
977 1533 1131 1624 divinae,

143 1645 216 1715 rite
234 1670 275 1716 ac
294 1647 465 1743 legitime
482 1649 670 1722 vindicari
688 1659 826 1750 queat?
841 1667 893 1734 Ut
911 1646 1001 1738 alias
1018 1695 1129 1765 quae-

144 1782 289 1856 stiones
304 1785 419 1858 hodie
438 1785 581 1872 obvias,
609 1811 743 1884 easque
761 1793 990 1875 difficiliores
1010 1797 1052 1876 et
1067 1834 1127 1882 ac·

98 1981 104 1988 .
145 1921 312 1991 curatius
329 1919 569 1994 ventilandas
582 1939 743 2014 taceam,
771 1953 801 2002 e.
819 1957 851 2004 c.
869 1959 998 2012 onnon
1012 1945 1127 2018 deitas
1188 2004 1192 2016 ,

143 2053 186 2122 in
206 2055 320 2125 sacris
338 2055 461 2128 literis
476 2057 582 2129 vario
600 2059 715 2134 sensu'
739 2087 911 2174 occurat,
936 2091 982 2141 ut
994 2089 1073 2158 θεας
1091 2097 1128 2148 et

144 2191 261 2270 ὅθεος
278 2181 560 2288 distinguantur'
568 2194 588 2267 i
622 2221 736 2292 porro
754 2225 882 2275 annon
899 2205 990 2282 trias
1010 2208 1125 2287 biblis

139 2347 199 2408 ca,
228 2349 322 2421 quae
346 2327 770 2409 subordinatianismum
794 2337 925 2438 potius
955 2348 1123 2420 redolere

136 2458 328 2548 videatur,
355 2464 503 2538 diversa
529 2467 580 2539 sit
605 2493 625 2548 o
650 2472 835 2542 trinitatis
855 2479 1125 2551 ecclesiasticae

134 2597 350 2687 mysterio?
377 2599 538 2682 deinde,
563 2625 695 2672 annon
709 2605 800 2670 trias
816 2627 862 2671 ex
874 2603 947 2673 fide
963 2611 1126 2686 Nicatna

136 2730 211 2794 alia
226 2730 279 2795 sit
293 2751 337 2796 oo
365 2733 482 2796 latina
506 2729 715 2802 orthodoxa
740 2729 828 2805 fides
856 2738 901 2810 de
924 2744 1123 2846 Trinitas,

138 2855 196 2949 (id
207 2856 314 2960 *quod
331 2857 404 2931 iam
425 2867 561 2964 Georg.
581 2867 680 2954 Ball,
705 2869 863 2968 Anglus,
881 2896 978 2951 reete
996 2881 1120 2956 obser-

99 3059 103 3066 ,
133 2989 244 3064 vovit
270 2989 312 3060 in
328 2992 527 3090 defensione
532 2998 634 3102 fidei
648 3009 833 3082 Nicaenoe
850 3037 934 3108 pag.
954 3037 1041 3110 438.
1061 3045 1116 3114 sq.

134 3129 257 3198 Oiton.
286 3127 396 3216 1685·
421 3133 497 3222 432
535 3157 619 3210 utra
643 3139 765 3237 igitur
790 3144 882 3218 fides
909 3150 1116 3225 orthodoxa

136 3263 186 3334 sit
217 3257 488 3356 praeferendo?
539 3269 697 3368 denique
736 3301 866 3352 annon
906 3281 995 3357 fidos
1030 3295 1116 3362 Iesu

136 3395 279 3498 ¹Christi
296 3397 342 3468 de
361 3421 463 3472 sacra
486 3397 599 3473 triade
613 3407 764 3490 ,differat
788 3437 808 3485 a
832 3414 906 3487 fide
925 3423 1049 3490 Paulli
1075 3447 1116 3494 ao

133 3530 346 3604 Iohannis?
388 3531 489 3603 unde
515 3531 629 3627 igitur
661 3543 703 3614 hi
740 3548 916 3642 'Apostoli
941 3575 1050 3623 suam
1072 3553 1116 3624 de

135 3665 405 3740 sanctatriade
425 3667 706 3764 persuasionem
731 3681 953 3754 hauserint?
986 3699 1113 3764 utrum
1176 3771 1182 3788 Ι

136 3807 256 3876 alesu
276 3803 423 3876 Christo
438 3805 536 3902 ipso,
565 3809 615 3878 e'n
631 3831 676 3880 ex
689 3817 842 3907 propria
855 3815 1106 3916 meditatione,

135 3957 184 4010 en
207 3959 253 4012 ex
274 3939 489 4022 immediate
519 3925 755 4030 ¹revelatione
779 3945 937 4032 divino?
959 3933 999 4032 et
1014 3983 1107 4061 quae
