2752 4790
555 371 562 400 r

606 413 628 451 V

119 567 235 639 sionis
259 565 547 662 antiquissimae
567 556 764 634 discrimen
782 589 827 634 ex
843 567 923 636 sola
947 564 1101 636 diversi·
1147 647 1152 656 Ι

118 721 193 773 tate
209 701 400 786 fontium,
427 717 560 768 utrum
576 694 697 765 totius
715 707 943 778 ammineo
958 725 1006 770 an
1023 699 1100 771 sin.

117 839 293 934 gularum
308 835 579 930 epistolarum,
614 833 783 920 quamvis
798 836 916 907 multa
931 835 1026 905 bene
1041 836 1100 910 in.

117 974 162 1042 de
187 967 377 1065 explicari
392 979 550 1058 queant,
578 977 709 1032 ortum
730 984 827 1045 esse,
858 970 922 1037 aiii
941 970 1099 1045 vixere.

117 1108 215 1176 dant
243 1122 356 1194 aeque
378 1120 420 1168 ac
442 1095 559 1181 illud,
604 1121 728 1166 unum·
746 1095 866 1172 modo
882 1097 1103 1175 describendi

120 1237 273 1342 modum
293 1233 335 1302 in
353 1255 428 1303 una
446 1230 795 1326 duntaxatregione
811 1231 996 1326 primitus
1013 1237 1105 1308 obti-

117 1372 265 1454 nuisse;
291 1370 414 1440 multa
429 1368 537 1438 enim
551 1367 642 1438 huic
657 1367 863 1462 hypothesi
878 1366 1109 1446 obstant„-

114 1508 200 1580 Alia
225 1502 424 1576 difficultas
448 1504 569 1576 estin
592 1505 885 1576 denominatione
903 1484 1104 1603 utriusque

113 1639 344 1715 recensionis
361 1639 666 1736 antiquissimae,
695 1664 765 1734 qua
784 1638 960 1711 utebatur
986 1646 1103 1716 ones.

14 1769 16 1780 '
112 1778 264 1851 bachius
277 1776 323 1846 ad
337 1795 537 1872 utramque
551 1773 852 1863 discernendam,
877 1776 995 1850 nixus
1012 1803 1101 1851 con·

111 1938 226 1987 sensu
265 1917 420 1984 Petrum
463 1911 798 1986 Alexandrinorum
818 1909 824 1916 ’
841 1935 928 1986 cum
971 1917 1100 2001 altera,

112 2075 229 2146 quam
243 2067 440 2143 propterea
452 2049 655 2143 adpellaret
667 2048 972 2133 Alexandrinam,
991 2050 1102 2120 item-

113 2211 189 2284 que
205 2207 391 2284 consensu
407 2189 562 2256 Patrum
582 2185 780 2255 latinorum
804 2205 891 2254 etun
910 2183 1025 2255 altera
1045 2207 1100 2254 re-

109 2321 311 2406 censione,
340 2320 483 2416 quade
510 2343 616 2392 causa
642 2341 722 2389 eam
747 2315 963 2392 nominaret
995 2324 1099 2395 Occi·

108 2459 311 2540 dentatam,
356 2456 465 2551 quasi
495 2456 726 2528 occidentalis
753 2452 888 2524 fuisset
921 2456 1100 2547 originis.
1195 2421 1201 2436 ι

109 2595 182 2664 Sed
201 2595 292 2664 haec
308 2591 478 2662 recensio
493 2613 582 2664 vere
600 2589 793 2660 orientales
810 2585 954 2652 natales
963 2572 1103 2672 ,habere

15 2711 16 2718 ,
108 2747 284 2824 poterat,
321 2743 359 2792 et
374 2748 468 2792 vero
482 2719 658 2800 debebat,
687 2713 754 2784 etsi
767 2714 889 2790 versio
905 2718 1023 2790 latina
1039 2741 1100 2790 ve.

113 2881 178 2930 tus
197 2851 639 2948 (Antehieronymiana),
669 2876 739 2949 qua
754 2851 956 2926 utebantur
971 2859 1098 2928 Patres
1172 2861 1175 2866 ’

110 2990 251 3075 latini,
279 3013 325 3057 ex
344 2989 408 3062 illa
431 2988 528 3064 facta
545 2993 595 3063 sit
602 3020 615 3078 ;
653 3013 766 3088 quare
790 2989 832 3062 hi
858 2989 1004 3080 codices
1021 2991 1100 3083 pri·

108 3130 231 3203 mitus
257 3122 455 3194 orientales
484 3129 611 3201 deinde
645 3145 802 3222 propter
833 3126 936 3196 huno
972 3121 1102 3217 ipsum

109 3285 343 3337 consensum
361 3281 450 3329 cum
464 3263 632 3334 versione
645 3263 765 3334 latina
784 3259 868 3334 aliis
886 3285 931 3332 ex
946 3259 1020 3336 alio
1036 3283 1098 3354 ge·

95 3409 203 3472 'nere
232 3390 333 3469 hatis
367 3392 481 3464 libris
509 3395 793 3493 manuscriptis
830 3397 872 3466 in
897 3394 1098 3467 Occidente

112 3534 417 3633 praeferebantur
463 3533 577 3626 atque
607 3534 750 3632 saepius
780 3529 1097 3608 describebantur.

116 3683 244 3770 [taque
271 3695 318 3740 ex
335 3668 449 3745 variis
473 3663 735 3774 additamentis
759 3669 801 3738 in
824 3664 931 3738 codd.
951 3682 1097 3756 graeco·

116 3809 242 3883 latinis
260 3831 342 3880 non
363 3803 571 3877 necessario
593 3805 764 3898 sequitur
787 3797 1014 3874 occidentalis
1029 3799 1097 3870 ho·

117 3972 199 4019 rum
214 3944 558 4018 additamentorum
575 3941 698 4038 origo.
743 3943 990 4038 Quapropter,
1014 3959 1096 4010 mea
