2752 4790
178 481 188 504 ’
269 535 374 580 mum
393 513 471 608 egit
489 511 531 582 in
546 509 690 604 duplici
706 507 873 580 editione
888 512 935 578 N.
952 515 995 580 T.
1015 511 1154 597 critica,
1171 530 1248 584 tam

267 647 407 718 maiore
424 621 684 744 (rm-88.)
703 669 814 754 quarn
831 644 978 714 minore
990 649 1105 736 (1802
1120 687 1169 706 ··-
1181 653 1245 742 7.).

267 783 337 852 Hic
353 801 480 853 autem
497 807 724 877 quamquam
740 779 884 876 insigni
907 779 1016 852 laude
1040 781 1245 870 doctrinae,
1345 855 1350 864 ,

262 933 299 986 et
314 915 474 990 feruoris
490 917 534 990 in
564 917 802 1003 conferendis
824 917 1014 988 codicibus
1038 923 1246 1016 Musquen·

262 1051 388 1138 sibus,
404 1028 539 1152 'iisque
559 1049 764 1124 accuratius
782 1048 1035 1124 describendis
1053 1072 1162 1150 atque
1176 1079 1245 1126 no·

260 1189 308 1260 tis
323 1191 466 1261 criticis
479 1183 714 1257 illustrandis
737 1181 848 1272 plane
865 1207 943 1250 non
969 1183 1246 1264 defraudandus

203 1337 205 1348 '
261 1343 333 1407 est,
361 1346 430 1411 nec
445 1321 479 1388 ei
496 1291 665 1412 neganda
685 1309 910 1386 meritoruni
929 1316 1037 1410 copia
1064 1318 1109 1388 de
1137 1337 1244 1392 textu

259 1463 304 1526 N.
332 1461 376 1526 T.
404 1477 535 1548 graeco
559 1450 769 1527 accuratius
790 1451 1051 1546 cognoscendo
1060 1481 1071 1538 ;
1108 1479 1243 1552 magna

259 1609 385 1662 tamen
403 1589 470 1660 illa
488 1587 571 1658 Viri
594 1585 773 1658 sedulitas
799 1585 842 1658 in
866 1584 1096 1692 defendenda
1115 1608 1240 1663 textus

255 1725 423 1821 vulgaris
440 1721 663 1796 auctoritate
679 1721 779 1796 haud
797 1720 948 1817 profuit¹
961 1725 1145 1820 genuinae
1167 1729 1240 1798 arti

229 1831 233 1841 ¹
256 1861 425 1950 criticae,
468 1827 587 1957 quum
610 1859 751 1956 etipse
775 1858 943 1953 primum
966 1884 1079 1934 sensu
1105 1879 1142 1932 et
1167 1887 1239 1934 usu

255 1996 386 2069 critico
408 1997 623 2085 destitutus,
658 2014 695 2066 et
711 1994 800 2068 odio
821 1995 1053 2070 Griesbachii
1073 1997 1126 2068 ita
1144 2017 1240 2073 esset

253 2133 452 2222 incensus,
494 2152 538 2206 ut
566 2132 691 2204 omnis
719 2131 858 2229 integri
886 2157 927 2204 ao
962 2133 1074 2203 liberi
1103 2134 1237 2204 iudicii

252 2265 349 2336 acies
365 2267 500 2338 deiude
517 2291 679 2361 prorsus*
692 2255 923 2355 hebesceret,
957 2287 995 2340 et
1012 2269 1113 2340 nihil
1132 2271 1239 2362 novi!

252 2403 354 2498 quod
378 2403 452 2474 arti
475 2401 626 2478 criticae
651 2428 740 2476 vere
766 2404 978 2498 prodesset,
1006 2429 1026 2474 a
1048 2401 1237 2478 laboriosa

252 2539 336 2612 Viri
359 2539 546 2616 industria
572 2555 701 2636 posset
722 2539 942 2640 exspectari.

334 2673 534 2746 Eiusmodi
551 2676 680 2767 potius
693 2701 834 2750 novam
849 2676 951 2748 viam
964 2675 1006 2748 in
1022 2674 1236 2746 adornanda

251 2793 411 2880 historia
432 2821 557 2880 textus
576 2812 625 2877 N.
646 2813 690 2913 Τ.Α
709 2810 834 2900 'graeei
853 2826 890 2880 et
912 2810 955 2882 in
973 2808 1236 2881 constituenda

251 2940 340 3014 crisi
355 2939 444 3014 iniit
453 2944 546 3011 Ven.
557 2941 719 3038 Hagios,
728 2941 789 3014 vir
797 2939 1038 3014 doctissimus
1048 2959 1084 3010 et
1098 2944 1235 3014 acutis-

250 3079 381 3161 simus,
397 3076 440 3148 in
455 3077 578 3172 prima
598 3091 707 3170 parte.
719 3073 858 3170 egregii
873 3073 983 3151 libri:
1011 3077 1234 3175 Einleitung

251 3209 1232 3319 tnetesiarutenaesu.r.(rubing.1303.)snpr1-
1264 3197 1266 3202 ’

231 3347 323 3460 ὁιιιὶε
342 3373 379 3442 p.
394 3349 466 3446 164
474 3370 554 3442 sqq.
571 3385 622 3406 -·
642 3345 781 3427 Statuit
802 3346 907 3422 enim
922 3346 965 3420 in
979 3320 1140 3420 historia*
1152 3368 1231 3422 tex-

188 3487 193 3497 '
251 3503 311 3562 tus
326 3485 447 3596 graeci
457 3489 559 3561 Ν,,Τ.
572 3503 645 3560 tres
658 3483 846 3578 periodos,
873 3505 1031 3580 quarum
1044 3490 1166 3583 prima
1183 3489 1229 3561 ad.

248 3621 414 3698 medium
439 3621 629 3702 saeculum
649 3593 804 3698 tertiurn
827 3639 1019 3714 progressa
1049 3622 1139 3694 duas
1165 3649 1228 3694 ex·

247 3753 373 3826 hibeat
388 3757 633 3842 recensiones,
659 3755 951 3836 Alexandrinam
969 3771 1003 3829 ec
1019 3759 1225 3856 Syriacam,

190 3957 193 3964 .
248 3885 346 3968 unde
362 3891 530 3984 protecta
550 3877 720 3993 sidiam,
743 3879 880 3981 tederet
915 3890 956 3962 in
976 3893 1137 3964 secunda
1163 3917 1226 3998 cu-
