2752 4790
692 425 749 467 xvt

238 569 325 658 cum
347 583 527 683 primitus
557 567 749 675 puriorem
779 594 816 648 et
845 578 972 650 minus
998 597 1218 654 temeratum

236 722 419 798 mansisse
449 719 491 790 in
524 718 649 809 Syrio,
691 713 778 787 Asia
811 715 952 786 minori
983 734 1021 788 et
1056 718 1217 802 Graecia,

235 884 347 956 quam
365 858 408 927 in
431 857 625 950 Aegypto,
659 866 769 946 atque
788 851 933 926 codices
949 854 1217 926 Constantino-¹
1326 928 1330 947 ι

235 996 427 1090 politanus
446 987 679 1084 antiquiores
707 1005 813 1058 ortos
839 985 956 1060 fuisse
982 961 1031 1059 ex
1053 989 1218 1060 editione

233 1137 282 1202 N.
308 1135 353 1200 T.
377 1126 539 1200 Asiatica
571 1117 759 1210 usquead
781 1122 1025 1192 Constantini
1048 1142 1216 1208 aetatem,

233 1266 301 1337 ubi
324 1255 568 1336 Alexandrini
587 1249 701 1320 etiam
730 1250 874 1329 codices
898 1239 986 1324 cun'r
1011 1271 1118 1326 textu
1134 1261 1223 1330 vul-·
1276 1251 1283 1264 ”

166 1397 177 1416 “
234 1396 314 1495 geri
331 1389 460 1464 collati
482 1385 655 1458 fuissent.
708 1385 817 1458 Unde
840 1404 1073 1459 tamennon
1094 1415 1217 1464 neces·

232 1529 330 1602 sario
349 1524 515 1621 cogitur,
539 1519 643 1617 quod
660 1520 844 1595 Sclzolzius
861 1521 949 1592 inde
965 1523 1143 1620 colligere
1160 1518 1218 1600 vi-

234 1655 365 1749 detur,
392 1659 534 1757 primas
552 1674 675 1754 partes
685 1682 789 1744 nunc
805 1657 930 1728 deberi
948 1658 1147 1732 hodiernae
1163 1685 1218 1732 re·

234 1793 408 1874 censioni
431 1793 871 1891 Constantinopolitanae,
901 1817 979 1876 seu.
997 1796 1099 1889 quod
1115 1795 1216 1868 idem

128 1933 132 1939 ’
231 1934 310 2007 fere
325 1951 392 2020 est,
418 1931 541 2002 textui
558 1947 719 2025 recepto.
777 1935 942 2002 Tantum
958 1930 1077 2027 igitur
1091 1931 1217 2004 favere

231 2072 383 2144 videtur
392 2068 583 2140 'Scholzz'ns
595 2065 808 2182 recensioni
826 2045 1216 2162 Constantinopolita-

231 2230 313 2290 nae,
333 2219 519 2298 quentum
542 2200 791 2276 Griesbaclrius
806 2201 1112 2275 Alexandrinae.'
1146 2204 1217 2274 Sed

230 2341 339 2413 aliter
380 2338 512 2410 classes
550 2315 726 2408 codicnm
770 2337 967 2408 Scholzius
1010 2338 1213 2408 constituit

231 2477 409 2570 ipsosque
427 2471 572 2550 codices
598 2473 781 2556 collocet·
800 2496 913 2568 quam
940 2473 1214 2546 Griesbaehius.

228 2590 366 2680 -Ille
382 2607 631 2678 enimomnes
649 2607 793 2680 codices
817 2613 866 2678 N.
886 2614 931 2680 T.
952 2607 1130 2703 dispescit
1158 2612 1213 2704 (p.

234 2746 317 2842 164.
352 2739 451 2840 sqq.)
485 2741 528 2810 in
555 2744 976 2839 constantinopolitanos
1000 2761 1038 2814 et
1057 2747 1216 2816 Alexan-

230 2883 378 2957 drinos,·
409 2876 499 2948 illos
523 2876 643 2971 magis
667 2899 794 2946 secum
819 2875 915 2968 ipsis
930 2893 968 2946 et
996 2901 1082 2950 cum
1108 2898 1214 2952 textu

229 3016 381 3110 recepto
397 3011 612 3084 consentire
627 3027 748 3106 putat,
764 3011 835 3082 hos
855 3027 981 3082 autem
995 3038 1078 3084 non
1094 3013 1208 3083 modo

227 3151 273 3224 ab
290 3150 382 3236 illis,
410 3148 474 3220 sed
492 3146 593 3218 hand
608 3169 691 3216 raro
710 3170 730 3216 a
747 3169 786 3215 se
802 3138 894 3240 ilisis
911 3147 1112 3228 dissonare,
1140 3171 1210 3238 pro

228 3285 376 3357 ratione
391 3283 580 3380 propioris
598 3299 663 3352 aut
677 3281 893 3354 remotioris
908 3302 1025 3348 nexus
1040 3303 1128 3350 cum
1147 3305 1211 3351 an-

227 3421 389 3521 tiquiori
406 3444 509 3492 more
523 3441 565 3490 ac
579 3417 735 3490 modulo
751 3387 1025 3500 Alexandrino,
1060 3431 1125 3487 aut
1140 3416 1209 3486 Ae-

226 3560 402 3656 gyptiaco
422 3555 593 3627 omnino.
621 3589 672 3606 -
699 3523 879 3649 Querelp.
900 3550 1002 3644 163.)
1019 3549 1065 3622 ad
1083 3575 1210 3623 recen-

228 3694 376 3766 sionem
398 3663 843 3783 Constantinopolitanom
856 3683 970 3756 refert
984 3685 1028 3756 in
1040 3689 1212 3788 Evange-

170 3898 177 3915 ,
225 3827 295 3910 liis,
311 3829 420 3901 codd.
448 3823 658 3897 Griesbach.
676 3829 718 3894 E.
747 3825 786 3891 F.
815 3825 857 3892 G.
880 3826 934 3898 H.
963 3827 1020 3907 S.,
1047 3821 1090 3893 in
1103 3825 1211 3896 Actis

226 3965 360 4060 Apost.
380 3978 417 4028 et
430 3963 539 4053 epist.
561 3955 756 4032 catholicis
775 3956 856 4066 cod.
877 3957 1019 4030 Griesb.
1037 3964 1094 4045 G„
1113 3960 1215 4034 etin
1295 4055 1299 4067 ι

274 4092 277 4100 .
442 4081 454 4120 ,
631 4069 636 4086 .
772 4071 779 4098 i
