2722 4806
729 374 805 417 XCVI

282 527 421 600 desinit
439 527 599 614 Auctor,
626 524 810 598 substitere
827 527 1021 623 Apostoli;
1044 525 1084 600 in
1106 527 1160 600 bis
1174 528 1253 602 sub·

280 669 400 738 sistere
416 689 480 736 nec
495 663 596 734 nobis
612 655 717 760 nefas
732 663 809 731 erit.
836 697 888 716 -

379 797 521 894 Quibus
538 797 664 866 benea
685 793 915 868 Griesbacbio
933 797 1138 873 observatis
1156 824 1251 870 non-

246 899 258 1028 ’Χ
278 936 384 1024 nulla
407 941 535 1004 tamen
561 931 690 1000 addere
705 929 820 1004 iuvat.
846 931 970 1002 Hodie
989 957 1071 1004 non
1093 907 1253 1006 certatur

278 1071 378 1140 inter
393 1069 592 1162 theologos
610 1063 831 1136 christianos
851 1065 895 1132 de
913 1074 1083 1165 ἂναλῃψει
1108 1073 1194 1140 Iesu
1210 1078 1256 1147 ds

279 1206 437 1306 οὖραυου,
472 1202 506 1274 si
529 1198 673 1270 cumb.
701 1195 910 1268 Ileinbordo
933 1197 1064 1269 locum
1091 1203 1256 1298 aliquem

236 1431 238 1438 Ι
281 1355 481 1438 augustum
505 1327 779 1424 intelligimus,
813 1329 859 1400 ed
883 1354 995 1424 quem
1024 1333 1196 1406 Christus
1213 1362 1259 1406 ex

279 1477 351 1546 hoc
375 1472 463 1544 orbe
487 1463 677 1538 discedens
701 1461 875 1534 sublimis
907 1463 1062 1550 abierit,
1097 1493 1258 1562 quemve

280 1606 464 1696 scriptura
483 1599 620 1672 coelum
636 1595 810 1690 adpellet.
863 1571 1003 1676 Nullus
1031 1599 1134 1672 enim
1156 1603 1255 1672 chri-

279 1740 423 1812 stianus
440 1751 572 1831 negat,
598 1737 723 1804 Iesum
740 1731 934 1805 Christum
948 1734 995 1804 ad
1010 1734 1133 1808 beatas
1151 1737 1254 1810 sedes

277 1871 430 1958 abiisse,
474 1888 510 1940 et
547 1867 707 1940 aeternis
733 1891 837 1940 nunc
870 1865 948 1938 frui
979 1871 1133 1944 virtutis
1166 1895 1254 1944 suae

278 2006 466 2102 praemiis.
520 2003 590 2074 Sed
612 2019 754 2075 certant
776 2004 890 2076 modo
912 2005 956 2074 de
980 2003 1052 2076 fide
1074 2007 1255 2080 historica
1353 2059 1354 2066 κ

277 2140 506 2214 narrationis
523 2105 646 2212 Lucae
671 2137 715 2208 de
738 2137 867 2211 visibili
889 2138 1128 2214 adscensione
1148 2143 1253 2214 Chri-

278 2278 327 2348 sti
351 2277 393 2346 in
417 2276 575 2346 coelum.
627 2279 706 2346 Nec
737 2247 891 2346 silentio
925 2277 1249 2370 praetereundum,
1302 2323 1306 2332 ·

276 2417 419 2483 Lucam
462 2435 545 2482 non
577 2408 712 2480 diserte
741 2407 864 2499 effari,
904 2417 1029 2484 Iesum
1061 2411 1252 2484 Christum

275 2547 405 2620 visibili
426 2547 536 2620 modo
559 2546 598 2617 h.
625 2569 654 2616 e.
684 2571 840 2642 corpore
861 2545 943 2639 ipso
968 2571 988 2616 e
1010 2547 1181 2640 sepulcro
1198 2570 1254 2614 re-

275 2683 452 2753 suscitato
469 2682 512 2751 in
529 2683 679 2754 coelum
695 2681 813 2752 fuisse
838 2679 1044 2764 sublatunu
1082 2703 1171 2751 nam
1192 2703 1256 2748 ex-

273 2837 396 2904 presse
416 2830 560 2898 narrat,
594 2815 735 2885 nubem
766 2839 852 2886 eum
880 2815 1015 2886 texisse
1050 2837 1256 2908 eorumque

275 2944 397 3016 oculis
429 2945 660 3038 subripuisse
685 2947 783 3035 (Act.
806 2951 844 3028 1,
882 2971 917 3042 9.
944 2954 1067 3045 νεφελῃ
1085 2949 1254 3037 ὖπελαβεν

275 3081 379 3157 «bros
398 3087 463 3156 bro
480 3109 545 3156 rus
561 3085 751 3175 ὄφθαλμων
768 3077 909 3170 abror).
962 3083 1062 3176 Ergo
1078 3081 1161 3173 ipso
1176 3087 1255 3150 Lu-

272 3229 430 3284 coteste
454 3237 534 3286 non
554 3213 721 3286 viderunt
743 3212 919 3306 Apostoli
955 3237 1164 3308 corpoream
1190 3215 1255 3284 ad·

274 3317 509 3448 scensionem
532 3352 562 3418 1.
580 3352 620 3418 C.
640 3347 683 3416 in
709 3347 877 3434 coelum,
913 3345 976 3417 sed
999 3347 1254 3418 concluserunt

274 3481 402 3576 potius
431 3506 478 3552 ex
505 3499 631 3554 rerum
652 3481 940 3552 circumstantia.
1003 3478 1073 3550 Cui
1090 3481 1250 3569 accedit,

273 3640 410 3713 corpus
433 3616 604 3703 crassius,
632 3641 707 3714 quo
724 3617 905 3704 Christus,
931 3613 990 3684 his
1005 3614 1048 3684 in
1063 3613 1171 3687 terris
1187 3615 1252 3685 de-

273 3775 385 3846 gens,
421 3752 534 3823 etiam
564 3768 652 3846 post
683 3751 995 3824 resurrectionem
1018 3775 1110 3823 usus
1138 3768 1248 3836 esset,

273 3882 316 3954 in
332 3888 480 3958 coelum
501 3886 695 3961 transvehi
716 3889 829 3981 plane
852 3911 933 3958 non
953 3885 1142 3981 potuisse,
1169 3909 1248 3958 mo·

241 4065 245 4074 -
272 4035 386 4090 nente
402 4024 553 4104 Paullo,
580 4023 784 4113 Apostolo,
817 4045 847 4092 1.
867 4024 949 4090 Cor.
969 4024 1055 4102 XV,
1098 4023 1245 4127 5ο.ὶ(ὁτι
