2752 4790
766 389 829 436 ux

311 559 365 624 10.
397 549 582 634 clericum,
609 545 720 618 rebus
742 543 855 616 sacris
880 549 1083 621 accuratius
1107 549 1285 647 cognitis,
1324 545 1329 550 ’

219 729 223 752 .
311 687 533 756 universum
564 685 692 755 locum
712 680 771 754 „de
800 703 901 752 sacra
929 685 1112 779 scriptura
1149 683 1290 754 rectius

314 820 612 894 constituissent.
665 817 843 887 Attamen
860 818 1033 888 nondum
1060 819 1188 891 omnia
1211 837 1297 888 tum

313 943 495 1050 temporis
515 955 563 1046 (a.
589 951 777 1047 1784.)ad
801 949 993 1045 liquidum
1018 919 1134 1025 fuisse
1159 955 1295 1048 perdu-

314 1109 382 1178 cta,
401 1107 500 1160 reete
520 1103 650 1159 monet
658 1087 812 1156 Auctor.
840 1089 966 1155 Multa
983 1089 1088 1160 enim
1103 1089 1156 1159 ait
1170 1089 1296 1160 amul·
1358 1177 1363 1186 Ι

314 1227 362 1298 tis
373 1227 414 1294 in
432 1223 601 1293 doctrina
617 1219 661 1286 de
677 1217 940 1308 theopneustia
953 1220 1006 1287 ita
1017 1245 1096 1290 esse
1110 1224 1294 1316 exposita,

315 1377 357 1431 ut
374 1343 598 1436 adversarii,
625 1351 727 1446 quod
746 1351 830 1421 telis
850 1352 928 1424 suis
950 1369 1093 1446 petant,
1109 1354 1220 1426 facile
1238 1359 1298 1426 in-

317 1493 493 1564 veniant:
529 1485 657 1556 laudat
680 1483 832 1578 quidem
854 1488 1084 1573 Kiddelium,
1112 1491 1297 1585 Anglum,

313 1627 548 1705 Donouium,
584 1637 621 1719 et
643 1619 818 1714 inprimis
848 1627 1084 1709 Taenarum,
1121 1625 1187 1720 qui
1212 1649 1298 1718 per·

314 1759 435 1830 multa
453 1760 494 1827 in
511 1757 580 1827 hac
596 1757 767 1828 doctrina
782 1758 824 1828 in
841 1758 998 1830 clariore
1014 1761 1100 1830 luce
1116 1761 1298 1832 collocas·

221 1976 223 1982 Ι
314 1912 418 1978 sent,
463 1917 699 1990 quorumque
727 1893 899 1989 placitis,
941 1919 1034 1989 quae
1061 1895 1225 1967 breviter
1252 1896 1296 1965 in

314 2029 435 2125 prima
462 2029 531 2102 hac
556 2029 739 2126 particula
759 2031 936 2125 exponit,
969 2030 1105 2103 lubens
1131 2027 1294 2114 aceedit;

283 2212 289 2223 ·
315 2165 379 2236 sed
397 2165 546 2236 facilius
563 2167 683 2237 adhuc
705 2165 856 2237 defendi
885 2190 996 2261 posse
1020 2183 1130 2261 putat
1154 2168 1296 2236 Auctor

315 2298 451 2395 dogma
475 2297 520 2369 de
541 2301 826 2395 theopneustia,
862 2301 894 2371 si
915 2302 958 2372 in
983 2299 1205 2372 declarando
1224 2301 1298 2382 hoc

315 2411 535 2531 'argumento
550 2436 772 2508 ulteriorem
786 2457 939 2532 operam
955 2459 1059 2506 suam
1072 2431 1298 2529 impendant

313 2569 390 2668 yiri
409 2569 522 2641 docti.
551 2618 553 2626 ·
576 2575 765 2666 Quaenam
784 2589 910 2644 autem
925 2593 967 2641 ea
987 2570 1086 2655 sint,
1112 2593 1207 2665 quae
1223 2570 1299 2638 cla-

314 2704 410 2776 riori
443 2705 530 2786 luce¹
550 2707 763 2777 collustrari
794 2723 954 2808 queant,
993 2721 1031 2776 et
1052 2729 1125 2800 qua
1147 2706 1298 2775 ratione

166 2911 168 2919 ,
208 2855 211 2860 ·
312 2838 389 2909 'hoc
407 2837 487 2908 fieri
509 2839 647 2934 possit,
685 2841 729 2914 in
753 2841 996 2939 sequentibus
1017 2841 1212 2935 particulis
1236 2837 1296 2908 fu·

317 2973 396 3045 sius
425 2971 555 3045 docere
580 2978 724 3074 sategit.
750 3013 801 3036 ··-
826 2977 1023 3048 Nimirum
1048 2977 1090 3048 in
1115 2975 1299 3072 particula

320 3111 475 3180 secunda
499 3111 597 3209 (pag.
625 3135 710 3208 303.
743 3113 844 3209 sqq.)
875 3113 1055 3187 disseruit
1087 3112 1230 3178 Auctor
1253 3109 1300 3178 de

321 3241 548 3332 discrimine,
567 3268 643 3346 quo
657 3251 858 3346 irupiratio,
880 3273 974 3347 quae
986 3245 1132 3343 proprie
1146 3242 1297 3330 dicitur,

319 3405 340 3453 a
368 3379 479 3455 donis
498 3381 591 3478 Spir.
616 3389 651 3456 S.
673 3389 915 3458 Pentecostes
941 3381 1001 3450 die
1027 3377 1070 3445 in
1093 3378 1299 3473 Apostolos

322 3517 489 3602 collatis,
524 3539 637 3615 aeque
660 3543 701 3590 ac
731 3545 751 3591 a
778 3513 1089 3599 revelationibus,
1125 3532 1218 3609 quae
1248 3513 1299 3586 iis

318 3631 453 3747 'postea
482 3652 720 3751 obtigerunt,
763 3675 800 3727 et
824 3679 843 3725 a
870 3649 1075 3722 directione
1100 3667 1301 3722 auctorum

317 3811 510 3860 sacrorum
525 3813 589 3884 per
603 3791 880 3886 providentiam
890 3787 964 3857 Dei
976 3785 1204 3858 ordinariam
1223 3781 1297 3854 dif-

326 3920 432 4010 ferat.
489 3931 585 4000 Nam
602 3911 647 3998 e'x
665 3885 846 3999 lententia
863 3925 1039 3998 Auctoris
1058 3924 1198 4000 virtute
1219 3919 1301 4015 spi-
