2706 4806
261 403 337 517 84¹
410 397 426 484 f
456 398 557 491 '‘th.
593 409 904 527 Historio'tectus
924 414 1114 512 groeci.
1207 383 1211 390 ’

150 669 160 695 ,ι
263 594 459 691 apographis
480 577 726 704 depumtoru'mt
747 562 950 692 descriptio,
972 595 1260 684 proiimurn-posc
1313 614 1316 624 ¹

260 719 539 804 autographorum
562 711 736 778 historiam
757 715 870 781 locum
892 714 957 780 sibi
981 713 1135 810 vindicat.
1179 720 1256 782 Etsi

199 920 202 928 Ι
260 837 353 906 enim
375 833 460 899 nihil
482 831 664 922 quidquam
687 833 728 896 de
750 811 868 913 talium
889 819 1044 900 co'dicum
1060 833 1253 902 conditione

261 953 442 1020 memoriae
465 951 672 1018 tradiderunt
701 950 876 1038 scriptores
899 929 1046 1040 antiqui,
1077 974 1252 1040 possumus

216 1085 218 1090 '
259 1091 390 1156 tamen.
427 1061 466 1136 ni
487 1071 601 1152 fallor,
631 1069 782 1136 indolem
810 1093 926 1136 eorum
957 1072 1144 1137 coniectura
1175 1073 1253 1167 satis
1297 1073 1319 1088 ”

188 1215 200 1236 f
257 1176 420 1284 probabili
439 1209 615 1278 utcunque*
626 1187 766 1278 assequi.
820 1191 906 1254 Cum
925 1191 1013 1256 enirn
1030 1193 1186 1258 credibile
1197 1196 1252 1270 sit,
1351 1251 1352 1256 ,

259 1311 527 1400 apographorum
556 1312 677 1374 horum
708 1313 861 1397 pleraque
891 1329 958 1388 non
994 1311 1152 1398 descripta
1183 1329 1252 1376 esse

261 1446 284 1494 a·
301 1427 441 1496 librariis
463 1422 654 1492 exercitatis
668 1445 767 1515 atque
793 1407 933 1516 peritia,
962 1429 1020 1494 sed
1042 1433 1082 1491 ab
1104 1429 1183 1516 ipsis
1209 1429 1253 1492 ¹il·

213 1576 220 1627 ¹.
259 1549 303 1615 lis
323 1545 525 1625 bominibus,
547 1546 633 1633 piis,
663 1545 722 1634 qui
752 1547 870 1611 talium
899 1519 1136 1634 exemplarium
1167 1535 1251 1612 desi·

260 1668 354 1733 derio
373 1666 571 1751 flagrabant,
602 1665 759 1752 suspicari
782 1665 857 1730 licet
883 1673 1002 1744 1>non
1025 1665 1127 1729 nimis
1149 1686 1253 1731 venu-

257 1800 309 1850 ste
330 1801 456 1849 exarata
478 1799 575 1869 atqua
602 1785 702 1864 variis
726 1785 909 1872 scripturae
932 1783 1159 1872 compendiis,
1189 1783 1252 1850 mi·

257 1926 321 1970 nus
343 1905 444 1991 vulgo
466 1901 594 1968 usitatis
625 1903 742 1967 referta
774 1925 810 1969 ea
832 1905 955 1980 fuisse;
985 1903 1020 1967 id
1050 1907 1140 1990 quod
1162 1905 1250 1971 mul·

259 2021 430 2111 tiplicibus
452 2021 613 2088 erroribus
634 2038 769 2108 postea,
790 2002 870 2090 cum
892 2047 911 2089 e
933 1991 1058 2089 talibus¹
1070 2021 1165 2088 libris
1185 2019 1250 2090 aiis

178 2205 180 2212 s
256 2143 449 2232 antigrapha
477 2141 737 2222 conficerentur,
785 2143 993 2209 occasionem
1021 2141 1183 2230 praebuit.
1205 2176 1248 2192 -

260 2261 431 2328 Praeterea
449 2281 535 2324 nova
557 2258 614 2322 illa
636 2249 881 2349 phraseoiogia‚
905 2283 972 2348 qua
993 2259 1144 2328 notiones
1165 2235 1251 2326 chri·

257 2379 382 2446 atienae
403 2397 498 2444 antea
519 2375 707 2468 incognitas
727 2359 1014 2466 exprimebantur,
1047 2377 1157 2441 multis
1171 2379 1263 2443 sine·

255 2499 381 2580 dubio,
414 2499 475 2585 qui
497 2518 700 2588 paganorum
732 2499 830 2564 sacris
858 2499 996 2562 antehae
1024 2494 1146 2561 addicti
1176 2495 1249 2576 fue·

257 2635 351 2693 rant.
374 2619 512 2682 obscura
528 2618 714 2684 videbatur.
757 2621 967 2705 Quamquam
987 2615 1076 2682 enim
1092 2593 1184 2680 haud
1199 2637 1247 2680 re·

202 2717 205 2730 ¹
254 2757 463 2826 pugnamus.
496 2742 721 2824 apostolorum
743 2739 862 2826 scripta
892 2735 1065 2800 intellectu
1094 2735 1171 2798 satis
1201 2735 1245 2800 fs·

255 2859 334 2922 cilia
354 2849 453 2920 faisse
474 2855 535 2930 iis,
558 2855 617 2944 qui
639 2856 825 2922 versionem
847 2878 915 2922 erar
934 2851 954 2919 ό
971 2853 1120 2942 diligenti
1143 2875 1244 2918 manu

256 2973 382 3040 dudum
415 2941 635 3054 versaverunt,
676 2989 709 3038 et
736 2975 938 3038 Iudaeorum
967 2979 1080 3059 'graece
1108 2976 1244 3060 loquen-

253 3094 340 3158 tium
363 3089 522 3158 formulas
563 3093 723 3158 derebus
749 3085 788 3154 ad
823 3089 1020 3178 religionem
1050 3089 1243 3178 pertinenti-

169 3268 174 3276 .
254 3213 318 3278 bus
348 3213 495 3300 cognitas
528 3211 692 3276 habebant
721 3225 820 3296 atque
841 3226 1043 3296 perspectatr
1074 3210 1166 3273 aliter
1196 3223 1242 3274 tt·
1351 3205 1352 3208 '

255 3351 335 3398 men
363 3331 576 3398 sentiendum
607 3347 656 3394 est
694 3329 736 3394 dc
764 3325 957 3395 hominibus
986 3330 1137 3416 paganis,
1180 3327 1240 3415 qui

252 3449 508 3519 christianorum
526 3449 677 3518 coetibus
701 3471 808 3536 nuper
821 3471 891 3514 aeae
910 3450 1133 3512 adiunxerant.
1177 3427 1260 3514 du·'

251 3571 390 3660 gebatur
410 3572 492 3631 baec
520 3565 730 3656 intelligendi
753 3567 926 3633 difficultas
956 3569 1043 3654 apud
1073 3589 1150 3640 eos,
1179 3563 1239 3658 qui

253 3698 354 3754 unam'
373 3700 554 3766 tantumet
568 3695 702 3754 alteram
720 3687 817 3750 Pauli
836 3683 1006 3770 epistolam
1033 3685 1122 3752 nacti
1138 3701 1240 3762 erant,

201 3801 206 3818 '
254 3821 288 3870 et
316 3803 526 3896 parallelismi
567 3805 726 3870 beneficio
757 3803 1029 3868 destituebantur.
1081 3785 1239 3892 Quodsi

254 3922 300 3986 ira
317 3941 382 4000 est,
405 3943 509 4014 prono
530 3922 570 3984 ad
594 3922 694 3986 fidem
715 3939 765 3986 est
785 3919 992 3994 coniectura,
1026 3928 1064 4000 a)
1081 3926 1237 4012 interpre-
1290 3989 1293 3996 ,

189 4049 194 4062 ·
253 4055 396 4106 tamenta
417 4057 450 4110 et
471 4039 655 4111 additiones
676 4060 746 4106 nou
766 4037 904 4136 omnino
933 4037 1075 4105 abiuisse
1106 4043 1147 4107 ab
1168 4043 1238 4108 istis
1304 4015 1310 4026 ι
