2752 4790
733 364 852 440 v1⁸'

270 550 418 645 quidem
449 551 655 636 sententia,
698 549 758 621 vir
792 550 1051 622 celeberrimus
1086 554 1248 624 theoriae
1306 621 1312 628 .

268 710 355 757 suae
380 687 526 758 criticae
551 688 686 760 melius
716 684 812 758 forte
838 686 1248 776 consulturusfuisset,

269 823 301 894 si
336 822 563 896 divisionem
597 825 864 924 Bangelionom
894 823 1248 920 antiquissimorum

269 957 376 1028 codd.
409 957 451 1028 in
481 961 664 1033 Asiaticos
692 976 730 1028 et
748 953 955 1055 Africanos
972 959 1163 1054 (inprimis
1178 962 1251 1030 Ae-

267 1097 530 1193 gyptiacos)*)
556 1091 783 1188 retinuisset.
837 1091 1019 1160 Primitus
1044 1096 1144 1164 eninr
1167 1095 1251 1164 reli·

270 1229 332 1324 gio
358 1230 558 1301 christiana
586 1249 632 1294 ex
655 1221 861 1294 Palaestina
889 1224 1165 1317 propagabatur.
1185 1253 1251 1319 per
1348 1317 1356 1330 ι

270 1364 394 1433 Asiam
418 1359 606 1429 minorem
624 1375 662 1428 et
685 1355 876 1476 Africam,
911 1381 1025 1452 quare
1050 1357 1093 1430 in
1116 1358 1250 1430 iisdem

267 1493 484 1590 regionibus
502 1499 588 1566 cu'm
605 1494 737 1589 primis
754 1492 920 1568 ecclesiis
940 1493 1150 1564 christianis
1175 1496 1249 1588 pri-

267 1631 320 1698 mi
334 1629 446 1700 etiam
465 1647 501 1701 et
518 1630 695 1725 plurimi,
722 1629 789 1726 qui
807 1629 1124 1715 describerentur,
1151 1631 1250 1700 codi-

269 1789 329 1837 ces
347 1765 549 1860 quaerondi
572 1767 675 1839 runt.
727 1771 859 1862 Itaque
875 1781 933 1838 est
950 1743 1121 1853 omnino,
1148 1769 1251 1860 quod

268 1901 471 1988 miremur,
503 1903 632 1975 virum
644 1881 921 1976 acutissinuun
936 1902 979 1974 in
998 1901 1250 1974 describendis

270 2038 443 2110 codicum
459 2039 641 2114 classibus
657 2029 864 2112 et‘familiis
887 2042 1018 2112 Asiam
1034 2040 1145 2136 plane
1161 2063 1250 2134 neg-

270 2173 416 2258 lenisse,
425 2199 518 2269 quae
534 2193 661 2248 tamen
678 2201 762 2248 oum
775 2175 923 2246 Graecia
939 2175 1121 2282 plurinras
1136 2175 1248 2246 aluis-

271 2325 326 2378 set
350 2307 522 2381 ecclesias
549 2291 789 2398 christianas,
816 2329 928 2406 atque
943 2343 983 2388 ro
1006 2317 1246 2392 ἂποστολικον,
1299 2313 1303 2320 ’

270 2461 368 2516 certe
402 2447 547 2517 codices
576 2471 620 2518 ex
652 2449 703 2520 oo
731 2448 938 2542 descriptos
980 2445 1055 2518 soli
1087 2447 1249 2518 Alecon·

270 2573 371 2654 drioe
385 2579 608 2655 vindicasse.
658 2591 757 2658 Nam
778 2585 885 2656 nulla
902 2581 1029 2656 subest
1044 2582 1153 2664 ratio,
1181 2605 1249 2650 cur

269 2716 397 2788 minus
417 2715 460 2786 in
473 2717 560 2788 Asia
582 2713 725 2792 minori
747 2737 785 2788 et
806 2721 975 2803 Graecia,
1001 2717 1047 2788 ad
1069 2715 1177 2787 cuius
1194 2739 1250 2795 ec·
1351 2747 1359 2760 ·

270 2849 401 2924 clesias
428 2850 532 2946 ipsae
552 2854 778 2949 perscriptae
801 2871 927 2924 essent
950 2851 1129 2945 epistolae
1153 2853 1251 2944 Apo-

271 2987 438 3076 stolicae,
453 3004 565 3083 quom
585 2987 823 3086 inAegypt'o,
842 2987 1017 3057 collectio
1032 2986 1250 3079 harumepi·

268 3125 455 3196 stolarum
482 3125 657 3198 instituta
688 3121 806 3197 fuerit
828 3139 867 3192 et
886 3123 1031 3218 saepius
1054 3121 1249 3218 descripta.

269 3256 412 3348 Atque,
441 3260 475 3337 si
491 3263 576 3356 quis
591 3259 764 3348 obiiciat,
788 3260 863 3332 lioc
884 3277 1081 3350 nunquam
1098 3280 1252 3353 negasse
1318 3328 1324 3337 ,

274 3383 564 3480 Griesbocltistm,
590 3399 653 3470 sad
674 3399 821 3471 codices
847 3389 1044 3470 orientales
1069 3393 1262 3487 antiquis*

272 3529 389 3602 simos
406 3525 528 3606 odius
553 3537 759 3628 superstites
783 3526 1053 3606 Alexandrinae
1074 3553 1153 3602 esse
1178 3530 1252 3602 ori-

272 3735 473 3760 '’U—un·-

339 3881 366 3945 l)
401 3885 438 3939 ol.
456 3890 532 3944 inm
549 3885 604 3942 alia
622 3889 644 3948 Ι,
661 3889 693 3947 Α,
712 3878 846 3956 Bingelii
864 3893 1028 3958 apparatum
1054 3879 1186 3934 criticum
1208 3881 1250 3935 ed.

270 3991 295 4036 ι.
314 3979 446 4053 (Burlsii)
463 3969 606 4059 μηρὼ,
695 4005 703 4014 ·
