2722 4806
332 349 344 384 ‘
737 374 820 421 cxxx

295 533 471 642 tum'esse
487 537 737 607 Matthaerun.
781 534 841 602 Ex
857 557 901 606 eo
917 551 1086 634 tempore
1104 545 1272 641 plerique

294 675 370 746 viri
384 672 486 745 docti
501 689 700 766 utramque
726 669 950 740 sententiam
968 675 1195 775 coniungere
1212 703 1272 751 so.

294 809 432 880 lebant.
486 805 701 878 Recentiori
721 790 844 876 autem
862 823 1030 903 tempore
1054 815 1270 900 Lordnerus‚

294 945 440 1040 Anglus
456 943 521 1012 ille
539 941 823 1030 celeberrimus,
850 945 1087 1017 Matthaeum
1103 974 1123 1019 a
1139 954 1269 1021 Marco

250 1147 254 1154 ,
292 1081 404 1175 plane
432 1104 514 1156 non
543 1081 685 1150 lectum
711 1072 850 1162 fuisse,
883 1081 1018 1152 multis
1042 1085 1271 1180 argumentis

292 1215 442 1289 vincere
467 1211 632 1294 studuit,
677 1207 811 1303 quibus
838 1206 876 1275 b.
906 1217 1136 1308 Koppiasin
1160 1244 1272 1313 pecu.
1331 1283 1334 1292 p

264 1351 379 1424 'h'ari
414 1361 692 1443 programmate.
733 1339 976 1436 Gottingensi
1017 1348 1126 1438 plura
1158 1375 1274 1447 eaque

292 1486 462 1582 graviora
476 1479 653 1562 'adderem
698 1473 735 1544 b.
759 1477 921 1549 Storrius
946 1495 1075 1550 contra
1099 1483 1273 1556 evincere

291 1614 548 1702 annitebatur,
588 1616 760 1682 Marcum
793 1611 963 1706 primum
994 1632 1078 1686 ante
1103 1617 1270 1714 reliquos

289 1750 545 1845 Evangelistas
557 1772 645 1822 suos
659 1747 850 1840 scripsisse
865 1751 1167 1858 commentarios,
1184 1755 1271 1849 qui-

288 1887 358 1956 bus
385 1909 474 1958 usus
498 1883 633 1956 fuisset
653 1891 795 1972 Lucas,
831 1883 966 1955 deinde
992 1889 1229 1958 Matthaeum
1248 1913 1273 1958 e

290 2023 413 2094 Marci
446 2021 653 2118 Evangelio
679 2021 799 2092 multa
826 2021 871 2094 in
910 2045 998 2094 suos
1031 2024 1272 2096 transtulisse

181 2249 185 2256 ι
291 2158 591 2229 commentarios.
644 2157 816 2253 Denique
841 2157 1100 2244 Eichhornius,
1136 2160 1197 2232 vir
1213 2183 1271 2230 oe·
1353 2219 1355 2228 .

238 2361 245 2368 .
288 2291 531 2394 leberrimus,
565 2292 608 2360 in
630 2293 753 2364 libro:
788 2292 1021 2386 Aligemeine
1047 2292 1269 2363 Bibliothek

289 2427 323 2498 d.
342 2427 552 2499 biblischen
571 2427 779 2513 Literatur,
814 2429 898 2499 Vol.
921 2432 987 2513 V.‚
1020 2427 1167 2522 posuit,
1204 2451 1270 2498 ex-

287 2555 411 2635 titisse
429 2561 562 2657 primis
580 2563 654 2633 iam
673 2563 868 2658 religionis
883 2561 1107 2634 christianae
1124 2578 1270 2656 tempo-

286 2698 395 2768 ribus
431 2692 681 2791 Evangelium
717 2695 874 2792 aliquod
905 2696 1143 2788 primitivum
1182 2701 1271 2786 (Ur-

288 2830 545 2925 evangelium)
577 2831 723 2902 ebraico
756 2855 785 2900 s.
807 2853 973 2901 aramaeo
992 2855 1163 2902 sermone
1177 2854 1267 2901 con-

288 2967 491 3060 scripturn,
528 2966 628 3062 quod
650 2991 690 3037 ea
717 2963 795 3036 fere
820 2965 1059 3058 complexum
1083 2967 1145 3053 sit,
1173 2989 1266 3060 quae

289 3101 505 3197 Evangeliis
521 3103 660 3174 nostris
685 3103 763 3174 sint
784 3100 1012 3173 communia.
1065 3099 1268 3170 Ebraicum
1347 3079 1350 3100 ⁸

285 3235 383 3306 illud
413 3237 598 3332 scriptum
625 3235 731 3308 vario
771 3235 887 3308 modo
919 3207 992 3308 sibi
1029 3231 1212 3326 persuasit
1243 3259 1266 3306 a

285 3371 457 3464 pluribus
494 3372 537 3441 in
576 3396 750 3468 graecum
792 3392 1004 3442 sermonem
1041 3366 1162 3462 magis
1193 3368 1265 3437 mi-

286 3529 406 3576 nusve
430 3484 603 3578 ’accurate
633 3507 750 3580 fuisse
772 3508 1011 3585 translatum3
1051 3501 1116 3572 has
1140 3476 1266 3573 autern

284 3641 407 3712 libelli
427 3640 611 3734 primaevi
627 3643 818 3714 versiones
835 3635 980 3730 saepius
991 3633 1111 3708 fuisse
1127 3636 1265 3706 descri-

284 3793 367 3866 ptas
390 3795 427 3847 et
441 3774 484 3846 ab
502 3777 766 3871 interpretibus
782 3767 842 3846 vel
855 3769 1037 3856 librariis,
1066 3771 1128 3842 vel
1146 3772 1262 3841 lecto-

283 3909 386 3980 ribus
405 3913 543 4006 passim
568 3911 682 3984 variis
705 3907 966 3985 additamentis
993 3923 1127 3980 auctas.
1180 3911 1261 3977 Hu-
