2752 4790
709 340 797 384 mv·

177 477 181 488 ⁸
260 509 384 568 textus
409 494 551 588 recepti
568 491 795 578 retinerent,
830 515 866 562 v.
891 517 921 564 c.
945 495 1140 591 Kncppius
1165 496 1238 588 (vir

260 627 503 726 venerabilis)
516 627 559 700 in
574 645 732 724 utraque
756 627 921 700 editione
940 635 988 700 N.
1010 635 1053 699 T.
1077 629 1238 725 graecia
1336 603 1339 608 ⁸

260 783 528 860 septocurata,
555 781 667 862 atque
680 761 716 833 b.
730 761 977 836 Berthcldtius
991 763 1034 834 in
1047 763 1241 840 librosae·
1338 839 1339 842 Ἴ

205 995 206 1000 ¹
263 897 351 995 pius
370 899 523 979 laudato
534 905 574 971 P.
594 904 657 971 VI.
674 921 757 992 pag.
777 921 886 992 3303.
903 921 999 996 sqq„
1026 898 1161 994 quibus
1185 921 1242 969 ae·
1339 939 1340 944 =

263 1033 388 1107 cedere
412 1036 584 1132 equidem
602 1029 702 1101 haud
729 1030 919 1132 erubeseo.
973 1037 1071 1104 Nam
1086 1049 1123 1102 ct
1139 1029 1244 1126 argu-

262 1185 389 1240 menta
407 1179 557 1239 externa
575 1179 612 1232 et
633 1163 781 1232 interna
803 1160 972 1232 militant
987 1185 1057 1254 pro
1081 1166 1260 1236 lectione·
1339 1255 1340 1260 ἵ

262 1299 420 1395 vulgari.
481 1303 645 1368 Externa
676 1295 830 1392 quidem
866 1294 1185 1389 supraadducta,
1211 1297 1248 1369 si

163 1397 168 1409 Ι
264 1431 517 1524 non-copiam
539 1430 731 1518 codicum,
760 1430 825 1504 sed
839 1429 952 1500 fidem
978 1447 1015 1500 et
1044 1430 1247 1526 antiquita-

264 1583 342 1636 tem
355 1563 531 1637 codicum
555 1583 593 1638 et
618 1565 840 1640 versionum
854 1583 1026 1661 spectes,
1060 1583 1171 1662 atque
1192 1583 1248 1636 te·

242 1723 352 1776 .cum
375 1717 542 1794 reputes,
576 1701 689 1774 modo
723 1701 893 1775 iuniores
918 1699 1037 1772 libros
1068 1701 1244 1796 scriptos,
1357 1753 1359 1794 ᾖ

262 1859 400 1931 eosque
428 1835 476 1906 ad
508 1837 764 1910 recensionem
785 1835 1246 1931 constantinopolitanam

264 1969 456 2041 iuniorem
474 1971 700 2060 referendos,
727 1995 910 2066 quorsum
912 1990 962 2091 pet
978 1971 1124 2044 codices
1140 1977 1246 2043 Mos-

267 2129 425 2202 quenses
443 2106 657 2199 pertinent,
684 2105 924 2202 doxologiam
949 2106 1019 2178 fini
1040 2131 1119 2201 cap.
1147 2109 1245 2178 XIV.

266 2255 471 2314 annectere.
506 2245 659 2312 Intema
676 2260 800 2314 autem
815 2259 1035 2339 argumenta
1051 2243 1248 2336 vulgarem

265 2373 473 2448 lectionem
489 2375 613 2449 multo
629 2377 750 2475 magis
769 2377 1005 2450 confirmant.
1033 2382 1147 2448 Favet
1163 2374 1242 2470 qui·

266 2509 351 2584 dem
365 2535 572 2586 consensus
589 2515 774 2588 clausulae
791 2539 879 2588 cum
903 2529 1124 2610 argumento
1145 2509 1245 2604 capi·

177 2724 180 2730 ,
265 2644 318 2714 tis
341 2641 477 2716 decimi
501 2649 625 2740 quarti
645 2650 851 2722 sententiae
873 2673 1025 2737 eorum,
1060 2647 1128 2744 qui
1151 2648 1248 2715 hanc

267 2773 471 2846 clausulam
492 2777 581 2846 huic
602 2779 677 2870 ipsi
701 2784 817 2873 capiti
835 2799 1055 2852 annectunt.
1109 2779 1180 2852 Sed
1194 2804 1250 2850 ar-

268 2907 364 2980 cticr
390 2931 606 3002 nexusvcap.
631 2913 729 2980 XIV.
750 2933 837 2980 cum
861 2934 938 3006 cap.
965 2917 1059 3005 XV,
1081 2915 1182 3010 quod
1205 2914 1247 2982 in

270 3069 346 3114 una
360 3044 456 3118 serie
472 3069 559 3114 cum
576 3057 652 3138 cap.
663 3049 761 3115 XIV.
779 3046 942 3139 (exclusa
959 3048 1111 3145 quidem
1129 3046 1246 3116 doxo-

260 3179 389 3275 logia)
413 3179 556 3277 pergit,
589 3182 783 3276 vulgarem
798 3183 1022 3255 sententiam
1038 3179 1244 3252 admodum

271 3315 521 3388 commendat.
581 3316 779 3412 Ingeniosa
806 3319 956 3414 quidem
988 3314 1248 3388 illustratura

270 3451 542 3524 recentioribus
557 3451 696 3524 criticis
707 3451 835 3526 varius
845 3449 1029 3524 clausulae
1043 3451 1190 3543 positus
1200 3475 1245 3520 ex

271 3589 447 3682 separatis
465 3581 674 3676 schedulis,
687 3657 688 3662 ,
702 3613 794 3685 quae
807 3606 901 3658 :tum
921 3585 1142 3680 appendices
1166 3609 1245 3679 cap.

271 3725 351 3794 XV.
369 3743 406 3794 et
422 3699 519 3798 XVI.
538 3749 667 3800 versus
690 3747 740 3802 20
758 3723 914 3820 priores,
941 3699 1025 3793 tuni
1042 3722 1249 3794 clausulam

273 3855 450 3949 epistolae
473 3861 768 3942 continuissent;
788 3857 865 3930 sed
888 3881 969 3932 non
992 3853 1129 3930 sufficit
1143 3858 1246 3928 naec
