2752 4790
750 407 810 448 >not

288 564 476 662 langensis
495 560 777 653 celeberrimus)
792 557 835 630 in
855 583 980 658 progr.
1005 562 1051 633 da
1074 554 1264 640 conTectu·

289 727 349 772 rac
374 727 445 772 usu
461 701 503 772 in
527 701 615 773 crisi
632 697 735 770 Novi
758 697 988 770 Testamenti
1012 716 1083 772 etc.
1109 700 1263 793 (Altorf.

290 842 403 932 1795)
424 837 484 908 his
507 835 631 910 verbis
657 842 754 929 (pag.
782 836 864 926 26)t
900 841 978 922 „At
1000 835 1130 908 audivi
1153 861 1267 933 quos-

287 972 399 1059 „dam
416 970 602 1043 dicentes:
639 969 715 1040 nisi
738 971 780 1038 in
796 968 978 1068 (ἂρχειοις)
996 969 1189 1044 tabulariis
1207 972 1267 1064 (li-

287 1105 410 1192 ·,‚bris,
438 1105 503 1202 qui
522 1106 564 1175 in
583 1101 820 1174 ecclesiarum
836 1101 1033 1176 tabulariis
1050 1107 1266 1180 custodiun·
1369 1113 1370 1116 ’

287 1249 389 1332 ‚‚tur)
405 1243 607 1319 invenero,
635 1234 681 1302 ad
697 1234 907 1304 doctrinam
928 1234 1172 1310 christianam
1187 1267 1266 1335 per·

285 1377 431 1472 „tinere
452 1395 533 1442 non
556 1367 703 1444 credam
728 1373 778 1460 (ἐν
804 1399 854 1465 τῳ
880 1369 1064 1465 εὒαγγελιφ
1083 1373 1152 1466 (sc.
1172 1381 1267 1467 εἶναι)

285 1509 350 1599 „ab
368 1509 526 1596 πιστευω)
542 1508 633 1598 (sine
649 1506 814 1600 episcopo
836 1505 926 1576 mttt
943 1529 1013 1578 esse
1021 1501 1266 1606 faciendum).
1329 1517 1331 1520 ’

88 1666 90 1678 ’
166 1689 171 1698 .
284 1647 359 1730 „Et
383 1641 478 1714 siiis
504 1641 609 1712 dicae
645 1640 923 1736 scriptumest,
950 1643 1259 1737 regeruntmihi:

283 1801 388 1866 „non
411 1793 532 1848 exstat
554 1777 776 1874 (legendum
807 1775 910 1848 enim
944 1777 1026 1848 sine
1055 1774 1172 1849 dubio
1207 1795 1263 1852 est

280 1939 394 2001 „oum
421 1916 573 1989 Vossio:
608 1914 656 1991 οὗ
692 1916 887 2013 apostatam).
911 1888 914 1892 ‘
940 1912 990 1983 At
1003 1911 1099 1984 mihi
1116 1871 1261 1987 tabula·

282 2050 363 2136 „ria
384 2067 475 2122 aunt
498 2053 601 2124 Iesus
620 2049 812 2137 Christus,
838 2049 1057 2144 incorrupta
1079 2048 1263 2124 tabularia

282 2203 352 2254 etc.
367 2196 391 2232 ‘⁴
412 2223 467 2274 -,
488 2191 606 2279 Quem
623 2183 774 2282 quidem
791 2183 994 2256 verborum
1009 2207 1161 2256 sensum
1171 2183 1262 2257 scite

280 2315 448 2388 defendit
480 2319 541 2390 vir
576 2319 835 2417 sagacissimus
864 2344 909 2390 ex
936 2319 1112 2392 universo
1145 2320 1258 2392 huius

278 2455 456 2549 epistolae
483 2473 703 2552 argumento
731 2473 768 2527 et
795 2453 978 2540 c'onsilio,
1017 2455 1155 2526 collato
1182 2455 1258 2528 alio

278 2591 365 2662 loco
388 2567 601 2664 Tertulliani
626 2593 672 2663 da
692 2592 913 2687 praescript.
937 2590 1121 2696 quretic.
1152 2615 1183 2662 c.
1212 2589 1259 2686 15'

277 2748 397 2799 -20.
434 2723 504 2794 Sed
519 2746 627 2796 vexat
646 2753 704 2798 me
718 2727 903 2798 duntaxat
914 2725 1038 2798 versio
1057 2725 1259 2796 verborum

278 2863 310 2932 ἐν
329 2887 377 2949 τῳ
394 2855 579 2953 εὖαγγελιῳ
602 2831 645 2935 ὀὗ
667 2891 810 2936 manum
835 2860 943 2930 haec:
980 2861 1032 2930 ad
1055 2861 1259 2954 doctrinan

276 2987 510 3062 christianam
522 2995 699 3089 pertinere
712 3013 784 3062 non
799 2993 962 3083 credam,
981 2991 1139 3068 admissa
1155 3017 1258 3066 nem·

277 3149 324 3218 pe
348 3125 474 3221 ellipsi
498 3137 597 3218 stam,
640 3145 677 3199 et
700 3127 974 3202 subintellectia
998 3128 1145 3202 verbis:
1180 3129 1254 3201 sine

276 3261 445 3357 episcopo
460 3261 548 3334 nihil
565 3259 869 3366 essefaciendum.
882 3303 934 3322 -
948 3261 1019 3359 Qui
1037 3261 1146 3355 plura
1166 3285 1254 3335 nos·

277 3419 316 3469 te
333 3395 460 3492 cupit,
487 3397 561 3470 iam
577 3401 671 3471 olim
685 3399 727 3472 in
745 3401 847 3474 hunc
862 3401 988 3474 locum
1004 3395 1144 3492 Ignatii
1159 3419 1179 3467 a
1195 3397 1254 3469 vi·

276 3532 327 3603 ris
344 3531 462 3608 doctis
480 3535 680 3624 ventilata,
708 3535 812 3608 adeat
833 3535 869 3608 b.
897 3533 1018 3633 letigit
1040 3533 1176 3626 selecta
1195 3556 1251 3604 ca·

276 3668 354 3759 pita
371 3669 503 3743 histor.
523 3673 723 3748 ecclesiast.
743 3679 818 3746 Sec.
838 3675 886 3740 11.
903 3689 986 3765 pag.
1001 3693 1063 3766 97.
1078 3694 1159 3766 sqq.
1176 3707 1227 3724 -

378 3811 570 3879 Caeterum
588 3809 655 3880 vix
674 3831 804 3906 operae
826 3803 990 3900 pretium
1012 3801 1149 3890 fuerit,
1175 3805 1248 3877 aol-

276 3933 381 4010 licite
398 3939 487 4014 adeo
503 3969 641 4018 verum·
655 3947 791 4017 horum
815 3939 1037 4028 verborum,
1071 3955 1251 4038 tanquam
