2722 4806
296 435 536 533 epistolarum
555 431 799 508 Paulinarum
813 451 903 514 tect..¹
920 439 951 514 l.
1071 459 1122 538 29

12 645 16 694 l
133 605 203 685 lrns'
238 617 490 714 aquationibus
528 615 750 679 ¹veliementer
788 615 1043 709 discrepantem
1086 619 1124 685 in

118 715 267 823 :privetis
298 723 378 800 reio
410 731 582 799 codicibus
611 735 784 800 nonnullis
816 753 929 799 textus
961 735 1125 800 vetustior

129 872 164 920 et
185 845 310 922 castior
342 863 559 918 conservatus
590 847 665 914 luit.
709 854 751 916 Ut
770 873 852 918 vero
873 875 912 916 ex
940 851 1126 930 hoclonte,

129 976 191 1060 qni
213 971 324 1035 libros
343 972 452 1032 Mstos
473 965 725 1054 complectitur,
755 969 835 1033 tacti
866 983 969 1034 textus
991 965 1127 1038 historia

134 1091 201 1153 rite
227 1083 510 1173 derivari-possit,
540 1087 712 1173 sequentia
735 1085 771 1151 in
793 1085 909 1176 primis
930 1091 1128 1156 observanda

131 1225 226 1274 tunt.

222 1333 256 1406 ι)
277 1327 383 1392 Δεηε,
400 1321 547 1400 codicis.
578 1325 607 1389 si
629 1347 649 1390 e
676 1325 814 1394 critetiis
845 1329 934 1393 haud
956 1309 1134 1394 nitatibus

75 1505 80 1524 ,
129 1460 281 1512 constare
312 1447 354 1508 tle
375 1465 414 1508 ea
444 1444 541 1509 nobis
572 1442 695 1531 possit,
733 1443 876 1533 insignes
902 1463 1057 1534 ,praestat
1093 1449 1129 1511 in

128 1563 267 1628 historia
290 1579 397 1628 textus
429 1563 596 1628 utilitates.
640 1565 722 1627 lade
752 1565 842 1630 enim
864 1565 980 1654 colligi
1010 1581 1130 1654 potest,

127 1699 202 1748 tum
232 1695 380 1768 quonam
418 1679 551 1746 circiter
579 1699 727 1768 tempore
754 1681 914 1749 lectiones
944 1677 1128 1750 nonnullae

132 1799 365 1864 memorabiles
391 1816 479 1865 ortas
501 1797 590 1893 sint,
612 1818 682 1866 tom
707 1823 851 1888 quonam
882 1808 999 1869 seculo
1022 1825 1063 1868 ex
1087 1825 1126 1868 ca
1195 1804 1206 1820 “

133 1919 345 1984 recensione.
371 1915 454 2005 quac
476 1936 571 1984 antea
593 1917 748 1982 exhibete
766 1941 818 1986 sas
840 1925 985 1995 solebat,
1008 1944 1127 1988 evanc-

130 2059 221 2102 tccre
241 2034 419 2120 coeperint.
463 2039 536 2102 lloc
566 2017 647 2102 v'ero
678 2036 790 2121 magni
822 2039 1021 2102 nouaclum
1053 2061 1123 2102 mo·
1194 2110 1197 2122 1

134 2151 243 2218 menti
267 2153 370 2217 estin
400 2152 613 2233 delineanda,
644 2155 829 2217 secundum
852 2151 1003 2218 ordinem
1032 2156 1127 2220 chro-
1204 2229 1206 2234 ,

132 2261 350 2358 nologicam,'
365 2273 580 2366 ¹cingulanum
614 2276 842 2338 recensionnm
873 2272 1030 2351 historia,
1070 2273 1129 2336 sed

122 2413 174 2460 eo
195 2391 296 2456 etiam
327 2393 467 2458 mirifice
498 2377 674 2470 conducit,
707 2405 747 2455 ut
776 2389 937 2470 lectiones
967 2387 1131 2476 cuiusque

130 2507 335 2576 recensionis
355 2511 575 2598 primigeniae
603 2513 835 2575 discernantur
865 2505 1015 2586 abillis,
1046 2529 1132 2593 qttas

130 2631 264 2694 labente
294 2643 443 2713 tempore
471 2625 510 2688 itt
546 2645 621 2688 eam
660 2620 786 2689 sensim
823 2623 1001 2709 irrepser03
1039 2625 1132 2712 quoti

133 2715 319 2806 discrimen
341 2761 443 2826 supra
465 2761 566 2828 quam
590 2739 656 2806 dici
681 2753 789 2827 potest
811 2741 847 2804 in
869 2741 991 2807 criseos
1023 2763 1132 2809 sacras

134 2855 521 2927 exercitinnostdiuvst.
544 2860 818 2948 Fateorquidem,
833 2861 992 2926 maiorem
1005 2861 1130 2932 utilita·
1177 2897 1188 2918 ι

131 2983 177 3043 tls
201 2981 365 3050 fructum.
395 2983 485 3065 quod
508 2979 550 3042 a'tl
572 2981 658 3046 benc
680 3001 769 3055 rem,
798 2979 922 3068 percipi
945 3001 963 3046 c
985 3000 1128 3068 potrum,
1200 2963 1201 2968 ἵ

133 3093 269 3164 codices
293 3093 391 3158 hodie
411 3099 596 3182 superstites
617 3104 794 3188 plerosque
817 3113 924 3166 aetate
954 3104 1053 3185 longe
1076 3121 1132 3163 su·

134 3215 345 3303 petentium,
382 3213 574 3295 collatinus,
608 3241 709 3304 quam
746 3241 765 3283 e
793 3189 887 3284 libris
916 3219 1029 3296 Mstit;
1069 3215 1129 3282 sed

138 3335 323 3420 spernendo
356 3349 467 3395 tamen
496 3352 564 3396 non
596 3351 674 3399 tunt
704 3335 905 3402 adminicula
934 3337 1129 3404 scodicunt

136 3469 243 3516 aetate
265 3475 291 3513 re
300 3453 453 3537 petenda.

220 3577 257 3650 α)
282 3565 477 3634 Rectissime
493 3585 727 3654 praeceperunt
744 3573 809 3636 riri
826 3572 935 3642 docti.
957 3585 1129 3636 externam

36 3717 42 3727 ·
134 3687 263 3755 codicis
281 3687 364 3769 'sire
394 3689 663 3752 membranarum
692 3703 828 3754 aetatem
859 3686 1129 3772 distinguendam

137 3825 207 3871 stre
231 3809 272 3869 ab
294 3806 421 3870 interna
444 3821 553 3870 textus
575 3803 697 3894 ipsius,
725 3825 825 3892 quem
849 3807 924 3868 illae
946 3799 1129 3880 continent.
1216 3869 1219 3876 ,

136 3939 251 4008 petete.
293 3927 405 3989 Potest
422 3925 511 3988 enini
535 3922 619 3986 liber
641 3939 716 3986 ante
737 3943 843 4009 pauca
858 3921 969 3986 ssctrla
990 3919 1127 4008 scriptus

117 4039 292 4139 exhibere
312 4059 440 4110 textttrtt
462 4043 753 4131 antiquissimum.
785 4045 842 4105 uti·
858 4035 1005 4130 vicissim
1026 4061 1128 4108 mem·
