2752 4790
737 379 822 426 xattt

297 536 374 610 viri
390 518 619 622 doctissimi,
646 525 759 629 quem
780 531 823 602 in
840 555 938 605 nova
962 532 1129 608 editione
1152 542 1201 608 N.
1227 541 1272 606 T.

295 673 423 746 critica
441 687 651 766 exspectare
668 691 740 739 nos
753 666 868 740 iubet.
901 675 1003 742 Tum
1017 672 1170 743 demum
1185 671 1274 742 lice·

297 809 357 878 bit
368 826 495 880 totam
509 807 606 878 hano
630 797 840 876 lectionum
862 797 1086 904 farraginem
1099 808 1141 879 in
1155 831 1274 880 novas

224 943 228 948 ’
294 943 461 1039 redigere
501 944 635 1013 classes
669 949 707 1010 et
739 936 924 1028 familias,
965 959 1093 1039 atque,
1127 943 1275 1014 collatis

294 1079 492 1176 praecipue
518 1068 757 1148 versionibus
781 1073 948 1166 antiquis
974 1093 1015 1144 et
1042 1074 1275 1175 allegationi·

292 1215 361 1286 bus
387 1221 558 1293 Patrunr,
597 1205 640 1276 in
662 1193 808 1276 textum
836 1203 1125 1300 antiquissimum
1151 1213 1275 1307 inqui.

291 1371 390 1428 rere,
417 1335 595 1416 adhibitis
613 1333 747 1424 simul,
782 1359 875 1434 quae
888 1332 983 1410 bene
1006 1339 1222 1414 observavit
1237 1364 1274 1414 et

292 1477 437 1576 egregie
454 1475 633 1570 exposuit
659 1465 927 1564 criminositas,
964 1475 1196 1573 argumentis
1213 1478 1272 1549 in·

290 1612 421 1684 ternis.
473 1615 575 1682 Tum
594 1609 746 1681 demum
763 1627 799 1681 et
819 1603 892 1682 hoc
913 1613 1052 1687 certius
1071 1613 1270 1698 constabit,
1374 1631 1375 1636 ’

201 1819 205 1828 ,
290 1765 420 1822 utrum
450 1739 602 1841 proprie
628 1739 823 1818 retinenda
849 1735 901 1817 sit
926 1768 972 1820 ert
999 1747 1272 1840 consuetudine

290 1876 575 1954 Griesbachiana
589 1877 798 1956 reonuionis
810 1877 1085 1962 Alexandrinae
1102 1853 1270 1958 dbnomi·

287 2017 406 2105 natio,
415 2037 470 2090 an
486 2035 575 2089 eunt
584 2015 747 2092 Scholaio
766 2021 866 2116 (pag.
882 2023 980 2119 184.)
992 2017 1036 2090 de
1052 2014 1132 2091 sola
1145 2019 1269 2092 editio·

290 2181 335 2226 ne
351 2173 390 2224 et
411 2149 658 2252 recognitione
671 2146 922 2229 Alexandrina
949 2147 1192 2252 cogitandum
1205 2155 1267 2226 sit.

289 2279 359 2363 'seo
374 2282 482 2358 valde
497 2278 713 2378 falleretur,
741 2283 808 2388 qui
834 2285 907 2363 sibi
927 2288 1175 2386 persuaderet,
1201 2315 1270 2363 no·

286 2423 356 2496 vis
371 2419 430 2493 his
454 2417 554 2504 curis
571 2423 710 2498 criticis
747 2445 888 2523 purum
916 2442 957 2496 ac
980 2427 1170 2522 integrum
1191 2443 1272 2499 tex·

287 2566 372 2630 tu‘m
388 2554 437 2626 N.
452 2561 498 2629 Τ.
515 2556 664 2630 restitui
683 2581 813 2657 posse,
840 2581 1054 2658 novamque
1072 2561 1193 2656 parari
1213 2585 1269 2631 re-

289 2685 505 2764 censionem
529 2688 708 2768 omnibus
729 2689 896 2769 numeris
915 2697 1138 2771 absolutam.
1173 2700 1270 2802 'No-
1337 2679 1341 2686 ’

286 2853 358 2903 vus
384 2827 500 2900 inodo
527 2827 727 2899 advehitur
754 2824 951 2926 adparatus
975 2826 1148 2923 opiticus3
1191 2831 1271 2904 exi·

288 2979 360 3038 stet
390 2953 521 3038 forsan
547 2965 802 3060 opportunior
828 2960 994 3053 occasio,
1027 2959 1147 3040 libros
1172 2965 1268 3037 anti-

287 3125 383 3198 quos
398 3119 515 3172 inanit
537 3119 704 3175 exaratos
728 3094 771 3172 in
794 3094 884 3175 alias
907 3101 1099 3200 digerendi
1121 3096 1265 3190 classes,

193 3292 195 3307 .
283 3219 417 3331 dasque
442 3231 579 3312 rectius
608 3237 885 3336 distinguendi,
922 3232 1118 3311 historiam
1139 3247 1265 3312 textus

248 3419 251 3424 ·
285 3371 407 3470 graeci
427 3375 566 3448 tnelius
590 3371 843 3473 cognoscendi
870 3366 1166 3457 et1illustrandi3
1200 3372 1265 3445 sed

284 3527 410 3582 textus
434 3529 585 3607 graecus
604 3506 685 3608 ipse
700 3533 835 3607 parurn
855 3501 1037 3605 proficiet.
1088 3506 1263 3583 Vindica-

285 3643 389 3716 bitur
406 3645 570 3742 quidem,
596 3646 631 3719 ti
645 3665 745 3719 recte
758 3644 881 3729 video,
908 3635 951 3712 in
968 3641 1147 3716 nonnullis
1166 3641 1261 3718 locis

284 3793 407 3850 textus
427 3797 607 3880 receptus,
638 3774 706 3881 qui
724 3777 882 3866 dicitur,
908 3777 994 3866 sed,
1021 3775 1055 3853 si
1072 3800 1260 3856 summam

282 3912 335 3983 rei
367 3933 527 4011 spectes,
550 3909 651 3992 'non
682 3920 755 3992 erit
779 3915 881 4012 quod
905 3913 1038 3992 critici
1062 3934 1082 3988 a
1107 3931 1259 3991 textus
