2752 4790
331 351 343 384 Ι
686 391 811 438 Lxxvm

263 556 308 628 ad
323 560 410 649 Cap.
429 558 478 623 11.
505 584 556 610 -··
582 549 746 620 simulac
770 563 894 618 autem
916 549 1004 621 haec
1027 519 1239 650 prodigiose

262 689 460 786 explicatio
477 671 703 757 narrationis
719 688 841 753 Lucae
864 685 1015 779 (quam,
1043 689 1145 783 quod
1168 692 1238 760 mi.

260 849 344 918 ror,¹
370 841 414 893 ut
434 845 647 895 concessam
663 837 700 889 et
713 817 908 889 indubiam
933 820 1051 892 sumit
1072 825 1238 897 Griesba·

261 959 572 1051 chius‚)oorruit,
600 955 742 1026 corruit
765 955 880 1025 etiam
895 971 978 1028 tota
1006 979 1238 1054 argumenta.

258 1085 315 1165 tio
337 1089 622 1166 Gricsbachiano
638 1089 758 1159 eidem
777 1107 1043 1180 superstructa.
1072 1131 1123 1152 -·
1147 1101 1239 1166 Pou.

151 1215 157 1230 ¹
258 1231 384 1304 lulum
402 1245 528 1298 tomen
557 1223 599 1297 in
622 1221 680 1291 his
702 1224 888 1294 Stricturis
904 1223 980 1293 viri
1007 1227 1241 1304 celeberrimi

259 1365 459 1438 subsistere
474 1353 634 1454 placuit,
663 1377 781 1449 quum
806 1352 1116 1430 animadvertisse
1143 1364 1240 1434 mihi

257 1499 423 1578 uiderer,
472 1493 583 1585 plane
613 1487 835 1586 incognitas
873 1513 934 1562 eas
968 1495 1236 1570 recentissimis

157 1602 160 1610 ¹
259 1625 446 1722 theologis
463 1622 656 1712 mansisse,
683 1638 748 1694 aut
762 1626 893 1698 saltem
906 1645 1061 1721 prorsus
1078 1629 1237 1705 intactas

259 1787 323 1836 eos
345 1764 414 1833 hac
434 1761 627 1832 stricmras
649 1761 859 1856 reliquisse.
885 1800 936 1820 ·-
963 1765 1151 1860 Quicquid
1175 1791 1237 1838 au·

257 1899 495 1970 semborum
524 1895 593 1984 sit,
628 1895 882 1973 salvatamen
909 1919 1037 1972 manet
1068 1919 1238 1999 sertaque

258 2034 460 2108 auctoritas
488 2031 685 2107 literarum
715 2055 902 2106 sacrarum
929 2033 1079 2126 divina,
1119 2037 1238 2108 immo

258 2174 338 2267 ipsa
365 2187 497 2240 corum
525 2173 766 2257 sarrraceni,
793 2193 822 2240 s.
847 2165 989 2243 afflatus
1013 2173 1178 2258 divinus,
1207 2172 1240 2246 si

258 2331 345 2376 eum
361 2327 407 2374 ex
420 2303 690 2398 usu-loquendi
705 2305 863 2376 illorum
878 2321 1094 2400 temporum
1106 2306 1238 2378 metia-

149 2447 156 2454 '
256 2441 309 2511 ris
325 2465 395 2511 neo
411 2463 557 2510 merum
578 2438 898 2525 Naturalismum‚
933 2441 1084 2535 proprie
1105 2439 1159 2510 sic
1180 2439 1236 2510 di-

164 2623 169 2644 .
258 2595 384 2662 ctum,
409 2574 588 2672 sequaris.
640 2574 795 2644 Auxilio
814 2575 917 2644 enim
933 2574 1063 2646 divino
1079 2583 1237 2669 Aposto-

257 2713 317 2781 los
348 2733 437 2780 usos
469 2706 587 2780 fuisse
613 2727 726 2805 atqua
759 2707 1010 2803 peculiaribus
1037 2726 1239 2781 exornatos

259 2841 432 2927 dotibus,
468 2841 626 2962 historia
661 2845 768 2912 testis
804 2859 869 2916 est.
921 2844 1061 2914 Eadem
1096 2867 1241 2939 semper

258 2994 315 3049 cst
328 2975 385 3046 vis
400 2971 529 3043 divino
544 2973 683 3069 ubique
698 2997 736 3043 se
749 2997 941 3059 exserens3
968 2977 1033 3046 sed
1048 2981 1149 3052 uario
1163 2979 1239 3050 illi-

256 3133 302 3179 us
320 3108 441 3179 forma
458 3131 528 3202 pro
545 3107 724 3177 varietate
744 3132 869 3180 rerum
884 3108 1128 3190 obiectarum.
1148 3135 1237 3204 qua-

259 3267 346 3314 rum
365 3267 492 3313 curam
509 3227 653 3314 numen
670 3267 887 3338 supremum
910 3249 1006 3344 gerit
1027 3268 1095 3339 pro
1114 3244 1236 3316 virtu-

257 3382 307 3453 tis
323 3380 460 3474 cuique
474 3379 529 3448 rei
545 3379 718 3474 propriae
731 3381 908 3467 modulo,
935 3405 976 3452 ao
995 3379 1094 3450 varia
1111 3379 1236 3452 consi·

176 3562 178 3579 ι
257 3518 401 3587 liorum
419 3515 637 3586 divinorum
655 3517 800 3588 ratione
814 3535 922 3612 atque
937 3509 1116 3586 efficaciae
1133 3514 1233 3616 gliri-

258 3677 328 3724 nae
349 3651 613 3740 necessitate,·.
628 3652 733 3722 cuius
765 3653 887 3747 aliqua
917 3651 1046 3742 species
1064 3650 1132 3720 illa
1156 3666 1236 3719 erat

258 3801 478 3864 θεοπνευστια
502 3787 629 3858 stricto
652 3788 706 3858 sic
729 3788 838 3858 dicta.
864 3819 915 3836 -
942 3783 980 3853 Si
1002 3783 1083 3878 quis
1109 3801 1235 3856 autem

259 3919 302 3988 in
323 3923 404 3994 solo
420 3947 538 4017 eoque
553 3941 708 3997 strenuo
729 3920 1088 4015 Supernaturelismo
1110 3920 1234 4017 acqui·
