2752 4790
537 390 638 434 'lx

130 545 382 623 Griesbuchius
399 545 483 616 solo
499 541 582 612 veri
600 564 709 613 sensu
723 547 860 620 ductus
878 547 921 618 in
940 546 1107 617 editione

129 685 243 754 altera
276 689 327 752 N.
358 687 401 752 T.
436 680 566 750 critica
599 677 641 744 in
672 679 845 770 pluribus
864 684 1108 780 epistolarum

129 818 408 898 Paullinarum,
434 838 474 884 v.
491 837 522 882 o.
544 837 576 885 1.
593 799 766 883 Corinth.
779 821 846 902 111,
872 839 907 915 4.
953 821 1033 890 Gal.
1048 823 1110 904 IV,

131 973 190 1049 14.
233 949 406 1037 Philipp.
435 951 515 1028 111,
542 965 577 1035 3.
628 967 662 1013 1.
692 943 820 1014 Thess.
838 955 896 1035 n,
922 977 956 1044 7·
996 952 1110 1024 Hebe,

128 1093 199 1170 IV,
225 1109 263 1157 2.
301 1101 521 1148 consensum
547 1078 744 1175 utriusque
770 1082 996 1156 recensionis
1010 1112 1113 1180 pror-

137 1243 202 1290 sus
220 1215 398 1310 neglexit.

233 1359 335 1448 Quae
360 1374 480 1446 quum
501 1351 554 1420 ite
582 1350 681 1436 sint,
715 1347 828 1422 facile
845 1349 1117 1449 intelligimus,

131 1487 459 1561 Griesbschionam
478 1484 678 1560 historiam
702 1503 829 1557 textus
858 1489 980 1584 grseoi
1000 1495 1049 1561 N.
1073 1495 1117 1562 T.

133 1643 243 1722 etque
254 1623 441 1694 theoriam
455 1622 593 1694 criseos
613 1623 648 1691 ei
664 1641 968 1718 superstructum,
987 1649 1116 1720 quam-

130 1761 190 1836 vis
203 1759 398 1856 ingeniose
419 1755 578 1830 effictam
602 1775 640 1827 et
663 1783 748 1829 cum
764 1759 912 1856 ingenti
930 1745 1058 1832 studio
1076 1785 1116 1832 so
1143 1852 1149 1864 ἱ

131 1896 318 1968 industria
337 1895 582 1981 elaboratam,
609 1917 731 1988 neque
745 1897 898 1990 plenam
912 1919 991 1968 esse
1005 1913 1042 1966 et
1057 1921 1117 1966 ex-

132 2032 320 2128 plicandis
337 2030 605 2124 phoenomenis
624 2029 766 2104 criticis
784 2027 1041 2112 sufficientem,
1055 2055 1120 2100 ne·

137 2192 212 2263 que
229 2167 316 2237 satis
334 2185 472 2238 certem
494 2181 533 2236 et
550 2149 814 2266 indubitatam.
863 2169 994 2259 Itaque
1018 2187 1120 2261 egre·

130 2303 207 2400 giis
229 2302 289 2376 his
320 2301 544 2376 Griesbacbii
574 2302 767 2374 laboribus
795 2301 968 2374 nondum
994 2303 1119 2404 sequi-

133 2464 254 2512 escere
268 2440 360 2512 licet
379 2440 423 2510 in
443 2463 484 2509 re
512 2439 660 2527 critica,
695 2439 760 2512 sed
778 2438 891 2510 novis
914 2439 1123 2530 multisque
1148 2473 1153 2480 ·

134 2576 254 2663 curis,
281 2575 378 2666 varii
396 2576 549 2672 quidem
566 2573 736 2670 generis,
764 2592 862 2659 opus
880 2583 949 2650 est,
977 2567 1010 2634 si
1027 2569 1123 2636 ulte-

132 2711 211 2780 rius
226 2713 271 2780 in
295 2711 387 2780 crisi
411 2716 464 2775 N.
485 2715 534 2772 T.
559 2701 740 2796 progredi
766 2717 802 2769 et
828 2699 914 2770 vere
943 2681 1135 2796 proficere·

137 2843 316 2910 velimus.
370 2841 448 2909 Neo
464 2835 613 2909 defuere
629 2837 704 2910 viri
720 2835 841 2925 docti,
864 2836 930 2933 qui
944 2841 1064 2910 multa
1082 2867 1124 2914 uc

137 2975 245 3048 varia
284 2956 393 3044 dubia
424 2993 553 3050 eontra
595 2958 766 3048 criticam
799 2973 1124 3050 Griesbaehianam

142 3125 365 3193 moverent,
406 3111 563 3208 aliosque
589 3111 636 3184 ad
662 3111 853 3182 tollendas
888 3107 1126 3185 difficultates

142 3252 222 3326 vias
240 3259 435 3319 tentarent
449 3248 582 3337 partim
599 3247 753 3344 quidem
766 3247 968 3342 planiores,
988 3250 1127 3344 partim

143 3403 270 3458 sutem
284 3407 364 3455 non
381 3379 513 3452 minus
529 3381 723 3476 impeditas
738 3407 781 3454 ao
793 3383 1006 3455 salebrosas.
1048 3385 1128 3455 Pri-

144 3545 230 3594 mus
247 3519 400 3616 quidem
425 3511 654 3592 Griesboclsio
676 3543 715 3592 se
743 3518 925 3613 opposuit
954 3518 1129 3590 Christia-

145 3685 212 3732 nus
234 3657 438 3732 fridericus
475 3649 658 3727 Matthaei
679 3651 888 3747 (Professor
920 3655 1127 3745 Mosquen·

147 3794 236 3890 sis),
264 3793 326 3865 vir
339 3815 464 3887 graece
481 3781 726 3862 do'ctissimus
743 3805 780 3857 et
796 3789 839 3858 in
855 3782 1006 3856 edendis
1028 3791 1128 3860 codi-

150 3931 255 4006 oibus
272 3897 811 4022 Mosquensibusindefessus‚
839 3920 947 4016 idque
974 3925 1127 4020 potissi-
