<?xml version="1.0" encoding="UTF-8"?>
<!DOCTYPE html PUBLIC "-//W3C//DTD XHTML 1.0 Transitional//EN"
    "http://www.w3.org/TR/xhtml1/DTD/xhtml1-transitional.dtd">
<html xmlns="http://www.w3.org/1999/xhtml" xml:lang="en" lang="en">
 <head>
  <title>
</title>
<meta http-equiv="Content-Type" content="text/html;charset=utf-8" />
  <meta name='ocr-system' content='tesseract 3.04.00' />
  <meta name='ocr-capabilities' content='ocr_page ocr_carea ocr_par ocr_line ocrx_word'/>
</head>
<body>
  <div class='ocr_page' id='page_1' title='image "./ioiacobigriesba01griegoog_0055.png"; bbox 0 0 2752 4790; ppageno 0'>
   <div class='ocr_carea' id='block_1_1' title="bbox 606 303 928 410">
    <p class='ocr_par' dir='ltr' id='par_1_1' title="bbox 606 303 928 410">
     <span class='ocr_line' id='line_1_1' title="bbox 920 303 928 334; baseline 0 0"><span class='ocrx_word' id='word_1_1' title='bbox 920 303 928 334; x_wconf 72' lang='lat' dir='ltr'><strong>t</strong></span> 
     </span>
     <span class='ocr_line' id='line_1_2' title="bbox 606 363 690 410; baseline 0.036 -3"><span class='ocrx_word' id='word_1_2' title='bbox 606 363 690 410; x_wconf 66' lang='lat' dir='ltr'><strong>ludii</strong></span> 
     </span>
    </p>
   </div>
   <div class='ocr_carea' id='block_1_2' title="bbox 153 513 1155 742">
    <p class='ocr_par' dir='ltr' id='par_1_2' title="bbox 153 513 1155 742">
     <span class='ocr_line' id='line_1_3' title="bbox 156 513 1137 627; baseline 0.022 -47"><span class='ocrx_word' id='word_1_3' title='bbox 156 533 197 580; x_wconf 83' lang='lat' dir='ltr'><strong>us</strong></span> <span class='ocrx_word' id='word_1_4' title='bbox 210 531 274 604; x_wconf 82' lang='lat' dir='ltr'><strong>per</strong></span> <span class='ocrx_word' id='word_1_5' title='bbox 287 531 366 596; x_wconf 83' lang='lat' dir='ltr'><strong>eos,</strong></span> <span class='ocrx_word' id='word_1_6' title='bbox 394 513 554 608; x_wconf 72' lang='lat' dir='ltr'><strong>quisunt</strong></span> <span class='ocrx_word' id='word_1_7' title='bbox 571 515 743 614; x_wconf 83' lang='lat' dir='ltr'><strong>undique,</strong></span> <span class='ocrx_word' id='word_1_8' title='bbox 758 518 919 623; x_wconf 75' lang='lat' dir='ltr'><strong>fideles?</strong></span> <span class='ocrx_word' id='word_1_9' title='bbox 950 531 1137 627; x_wconf 81' lang='lat' dir='ltr'><strong>Equidem</strong></span> 
     </span>
     <span class='ocr_line' id='line_1_4' title="bbox 153 636 1155 742; baseline 0.029 -29"><span class='ocrx_word' id='word_1_10' title='bbox 153 636 342 735; x_wconf 80' lang='lat' dir='ltr'><strong>putarim,</strong></span> <span class='ocrx_word' id='word_1_11' title='bbox 366 647 409 718; x_wconf 90' lang='lat' dir='ltr'><strong>in</strong></span> <span class='ocrx_word' id='word_1_12' title='bbox 426 665 534 717; x_wconf 85' lang='lat' dir='ltr'><strong>textu</strong></span> <span class='ocrx_word' id='word_1_13' title='bbox 547 669 677 741; x_wconf 84' lang='lat' dir='ltr'><strong>graeco</strong></span> <span class='ocrx_word' id='word_1_14' title='bbox 692 657 877 732; x_wconf 73' lang='lat' dir='ltr'><strong>extitisset</strong></span> <span class='ocrx_word' id='word_1_15' title='bbox 904 673 1082 742; x_wconf 71' lang='grc' dir='ltr'><strong>καθολικοι</strong></span> <span class='ocrx_word' id='word_1_16' title='bbox 1094 701 1155 742; x_wconf 74' lang='lat' dir='ltr'><strong>et·-</strong></span> 
     </span>
    </p>
   </div>
   <div class='ocr_carea' id='block_1_3' title="bbox 149 779 1141 1031">
    <p class='ocr_par' dir='ltr' id='par_1_3' title="bbox 149 779 1141 1031">
     <span class='ocr_line' id='line_1_5' title="bbox 152 779 1140 895; baseline 0.021 -43"><span class='ocrx_word' id='word_1_17' title='bbox 152 785 354 869; x_wconf 71' lang='grc' dir='ltr'><strong><em>στευόντες,</em></strong></span> <span class='ocrx_word' id='word_1_18' title='bbox 382 786 429 850; x_wconf 64' lang='grc' dir='ltr'><strong>(ἔθ’</strong></span> <span class='ocrx_word' id='word_1_19' title='bbox 445 779 598 872; x_wconf 65' lang='lat' dir='ltr'><strong>quidem</strong></span> <span class='ocrx_word' id='word_1_20' title='bbox 621 805 752 874; x_wconf 70' lang='lat'><strong>⁸⁸11811,</strong></span> <span class='ocrx_word' id='word_1_21' title='bbox 785 819 861 890; x_wconf 89' lang='lat' dir='ltr'><strong>quo</strong></span> <span class='ocrx_word' id='word_1_22' title='bbox 883 797 1060 871; x_wconf 76' lang='lat' dir='ltr'><strong>Catholici</strong></span> <span class='ocrx_word' id='word_1_23' title='bbox 1076 825 1140 895; x_wconf 65' lang='lat' dir='ltr'><strong>ops</strong></span> 
     </span>
     <span class='ocr_line' id='line_1_6' title="bbox 149 911 1141 1031; baseline 0.016 -48"><span class='ocrx_word' id='word_1_24' title='bbox 149 932 358 1007; x_wconf 82' lang='lat' dir='ltr'><strong>ponuntur</strong></span> <span class='ocrx_word' id='word_1_25' title='bbox 381 911 629 990; x_wconf 77' lang='lat' dir='ltr'><strong>schismaticis</strong></span> <span class='ocrx_word' id='word_1_26' title='bbox 666 931 706 998; x_wconf 81' lang='lat' dir='ltr'><strong>et</strong></span> <span class='ocrx_word' id='word_1_27' title='bbox 735 919 936 1012; x_wconf 59' lang='lat' dir='ltr'><strong>haereticis,</strong></span> <span class='ocrx_word' id='word_1_28' title='bbox 988 935 1141 1031; x_wconf 69' lang='lat' dir='ltr'><strong>saepius</strong></span> 
     </span>
    </p>
   </div>
   <div class='ocr_carea' id='block_1_4' title="bbox 101 1042 1242 3838">
    <p class='ocr_par' dir='ltr' id='par_1_4' title="bbox 101 1042 1242 3838">
     <span class='ocr_line' id='line_1_7' title="bbox 152 1042 1136 1158; baseline 0.028 -43"><span class='ocrx_word' id='word_1_29' title='bbox 152 1042 377 1116; x_wconf 85' lang='lat' dir='ltr'><strong>deecclesia</strong></span> <span class='ocrx_word' id='word_1_30' title='bbox 395 1045 570 1124; x_wconf 75' lang='lat' dir='ltr'><strong>catholica</strong></span> <span class='ocrx_word' id='word_1_31' title='bbox 594 1073 719 1126; x_wconf 84' lang='lat' dir='ltr'><strong>sermo</strong></span> <span class='ocrx_word' id='word_1_32' title='bbox 737 1051 879 1127; x_wconf 84' lang='lat' dir='ltr'><strong>incidit</strong></span> <span class='ocrx_word' id='word_1_33' title='bbox 891 1067 985 1158; x_wconf 87' lang='lat' dir='ltr'><strong>apud</strong></span> <span class='ocrx_word' id='word_1_34' title='bbox 996 1075 1136 1142; x_wconf 71' lang='lat' dir='ltr'><strong>troiae·</strong></span> 
     </span>
     <span class='ocr_line' id='line_1_8' title="bbox 158 1177 1220 1298; baseline 0.015 -50"><span class='ocrx_word' id='word_1_35' title='bbox 158 1203 248 1256; x_wconf 69' lang='lat' dir='ltr'><strong>unu</strong></span> <span class='ocrx_word' id='word_1_36' title='bbox 270 1177 334 1248; x_wconf 84' lang='lat' dir='ltr'><strong>sed</strong></span> <span class='ocrx_word' id='word_1_37' title='bbox 347 1202 530 1276; x_wconf 85' lang='lat' dir='ltr'><strong>nusquam</strong></span> <span class='ocrx_word' id='word_1_38' title='bbox 553 1183 677 1280; x_wconf 83' lang='lat' dir='ltr'><strong>legere</strong></span> <span class='ocrx_word' id='word_1_39' title='bbox 704 1211 768 1270; x_wconf 82' lang='lat' dir='ltr'><strong>me</strong></span> <span class='ocrx_word' id='word_1_40' title='bbox 791 1193 957 1298; x_wconf 74' lang='lat' dir='ltr'><strong>memini</strong></span> <span class='ocrx_word' id='word_1_41' title='bbox 972 1193 1141 1272; x_wconf 86' lang='lat' dir='ltr'><strong>inlatina</strong></span> <span class='ocrx_word' id='word_1_42' title='bbox 1219 1255 1220 1264; x_wconf 73' lang='grc'>,</span> 
     </span>
     <span class='ocr_line' id='line_1_9' title="bbox 155 1315 1144 1430; baseline 0.023 -49"><span class='ocrx_word' id='word_1_43' title='bbox 155 1315 297 1386; x_wconf 79' lang='lat' dir='ltr'><strong>Irenoei</strong></span> <span class='ocrx_word' id='word_1_44' title='bbox 311 1315 483 1396; x_wconf 82' lang='lat' dir='ltr'><strong>versione</strong></span> <span class='ocrx_word' id='word_1_45' title='bbox 497 1317 572 1392; x_wconf 84' lang='lat' dir='ltr'><strong>hoc</strong></span> <span class='ocrx_word' id='word_1_46' title='bbox 585 1319 830 1408; x_wconf 74' lang='lat' dir='ltr'><strong>vocabulum,</strong></span> <span class='ocrx_word' id='word_1_47' title='bbox 874 1335 1050 1406; x_wconf 82' lang='lat' dir='ltr'><strong>Irenaeus</strong></span> <span class='ocrx_word' id='word_1_48' title='bbox 1065 1336 1144 1430; x_wconf 58' lang='lat' dir='ltr'><strong>qui«</strong></span> 
     </span>
     <span class='ocr_line' id='line_1_10' title="bbox 151 1445 1146 1555; baseline 0.027 -40"><span class='ocrx_word' id='word_1_49' title='bbox 151 1445 239 1516; x_wconf 91' lang='lat' dir='ltr'><strong>dem</strong></span> <span class='ocrx_word' id='word_1_50' title='bbox 262 1449 486 1546; x_wconf 87' lang='lat' dir='ltr'><strong>plerumque</strong></span> <span class='ocrx_word' id='word_1_51' title='bbox 508 1453 742 1538; x_wconf 82' lang='lat' dir='ltr'><strong>mentionem</strong></span> <span class='ocrx_word' id='word_1_52' title='bbox 765 1458 860 1534; x_wconf 88' lang='lat' dir='ltr'><strong>facit</strong></span> <span class='ocrx_word' id='word_1_53' title='bbox 880 1465 1071 1555; x_wconf 83' lang='lat' dir='ltr'><strong>ecclesiae,</strong></span> <span class='ocrx_word' id='word_1_54' title='bbox 1099 1469 1146 1541; x_wconf 83' lang='lat' dir='ltr'><strong>ad</strong></span> 
     </span>
     <span class='ocr_line' id='line_1_11' title="bbox 152 1585 1144 1679; baseline 0.02 -27"><span class='ocrx_word' id='word_1_55' title='bbox 152 1607 265 1678; x_wconf 90' lang='lat' dir='ltr'><strong>quam</strong></span> <span class='ocrx_word' id='word_1_56' title='bbox 282 1585 384 1658; x_wconf 90' lang='lat' dir='ltr'><strong>solos</strong></span> <span class='ocrx_word' id='word_1_57' title='bbox 400 1587 608 1666; x_wconf 81' lang='lat' dir='ltr'><strong>catholicos</strong></span> <span class='ocrx_word' id='word_1_58' title='bbox 627 1616 661 1666; x_wconf 60' lang='lat' dir='ltr'><strong>s,</strong></span> <span class='ocrx_word' id='word_1_59' title='bbox 673 1596 908 1679; x_wconf 79' lang='lat' dir='ltr'><strong>orthodoxos</strong></span> <span class='ocrx_word' id='word_1_60' title='bbox 926 1598 1066 1674; x_wconf 86' lang='lat' dir='ltr'><strong>referre</strong></span> <span class='ocrx_word' id='word_1_61' title='bbox 1082 1604 1144 1678; x_wconf 86' lang='lat' dir='ltr'><strong>vi-.</strong></span> 
     </span>
     <span class='ocr_line' id='line_1_12' title="bbox 151 1717 1236 1833; baseline 0.022 -45"><span class='ocrx_word' id='word_1_62' title='bbox 151 1717 270 1796; x_wconf 75' lang='lat' dir='ltr'><strong>detur,</strong></span> <span class='ocrx_word' id='word_1_63' title='bbox 331 1721 402 1796; x_wconf 85' lang='lat' dir='ltr'><strong>Sed</strong></span> <span class='ocrx_word' id='word_1_64' title='bbox 431 1725 597 1810; x_wconf 79' lang='lat' dir='ltr'><strong>occurrit</strong></span> <span class='ocrx_word' id='word_1_65' title='bbox 621 1745 747 1807; x_wconf 87' lang='lat' dir='ltr'><strong>tamen</strong></span> <span class='ocrx_word' id='word_1_66' title='bbox 771 1734 873 1828; x_wconf 86' lang='lat' dir='ltr'><strong>apud</strong></span> <span class='ocrx_word' id='word_1_67' title='bbox 896 1735 1143 1833; x_wconf 84' lang='lat' dir='ltr'><strong>interpretem</strong></span> <span class='ocrx_word' id='word_1_68' title='bbox 1232 1807 1236 1812; x_wconf 89' lang='lat'>.</span> 
     </span>
     <span class='ocr_line' id='line_1_13' title="bbox 151 1848 1142 1962; baseline 0.023 -39"><span class='ocrx_word' id='word_1_69' title='bbox 151 1848 317 1926; x_wconf 83' lang='lat' dir='ltr'><strong>latinum</strong></span> <span class='ocrx_word' id='word_1_70' title='bbox 344 1855 433 1928; x_wconf 89' lang='lat' dir='ltr'><strong>libr.</strong></span> <span class='ocrx_word' id='word_1_71' title='bbox 461 1863 538 1950; x_wconf 83' lang='lat'>111,</span> <span class='ocrx_word' id='word_1_72' title='bbox 562 1885 594 1935; x_wconf 84' lang='lat' dir='ltr'><strong>o.</strong></span> <span class='ocrx_word' id='word_1_73' title='bbox 623 1883 686 1962; x_wconf 87' lang='lat'><strong>40.</strong></span> <span class='ocrx_word' id='word_1_74' title='bbox 710 1871 938 1962; x_wconf 82' lang='lat' dir='ltr'><strong>praedicatio</strong></span> <span class='ocrx_word' id='word_1_75' title='bbox 964 1875 1142 1948; x_wconf 88' lang='lat' dir='ltr'><strong>ecclesiae</strong></span> 
     </span>
     <span class='ocr_line' id='line_1_14' title="bbox 153 1991 1142 2103; baseline 0.015 -43"><span class='ocrx_word' id='word_1_76' title='bbox 153 1991 311 2086; x_wconf 71' lang='lat' dir='ltr'><strong>undique</strong></span> <span class='ocrx_word' id='word_1_77' title='bbox 326 2011 515 2076; x_wconf 85' lang='lat' dir='ltr'><strong>constans,</strong></span> <span class='ocrx_word' id='word_1_78' title='bbox 543 2021 637 2091; x_wconf 88' lang='lat' dir='ltr'><strong>quae</strong></span> <span class='ocrx_word' id='word_1_79' title='bbox 657 2001 755 2072; x_wconf 92' lang='lat' dir='ltr'><strong>mihi</strong></span> <span class='ocrx_word' id='word_1_80' title='bbox 775 2003 924 2076; x_wconf 87' lang='lat' dir='ltr'><strong>videtur</strong></span> <span class='ocrx_word' id='word_1_81' title='bbox 944 2030 1021 2078; x_wconf 88' lang='lat' dir='ltr'><strong>esse</strong></span> <span class='ocrx_word' id='word_1_82' title='bbox 1037 2034 1142 2103; x_wconf 61' lang='lat' dir='ltr'><strong>proe-⁸</strong></span> 
     </span>
     <span class='ocr_line' id='line_1_15' title="bbox 157 2122 1145 2230; baseline 0.021 -38"><span class='ocrx_word' id='word_1_83' title='bbox 157 2122 293 2194; x_wconf 83' lang='lat' dir='ltr'><strong>dicatio</strong></span> <span class='ocrx_word' id='word_1_84' title='bbox 316 2123 511 2214; x_wconf 72' lang='lat' dir='ltr'><strong>catholicot</strong></span> <span class='ocrx_word' id='word_1_85' title='bbox 538 2149 575 2202; x_wconf 87' lang='lat' dir='ltr'><strong>et</strong></span> <span class='ocrx_word' id='word_1_86' title='bbox 587 2133 677 2204; x_wconf 88' lang='lat' dir='ltr'><strong>libr.</strong></span> <span class='ocrx_word' id='word_1_87' title='bbox 700 2139 772 2222; x_wconf 86' lang='lat' dir='ltr'><strong>IV,</strong></span> <span class='ocrx_word' id='word_1_88' title='bbox 797 2159 828 2206; x_wconf 86' lang='lat' dir='ltr'><strong>c.</strong></span> <span class='ocrx_word' id='word_1_89' title='bbox 845 2137 905 2230; x_wconf 82' lang='lat'><strong>63.</strong></span> <span class='ocrx_word' id='word_1_90' title='bbox 923 2161 1145 2212; x_wconf 87' lang='lat' dir='ltr'><strong>commemo-</strong></span> 
     </span>
     <span class='ocr_line' id='line_1_16' title="bbox 152 2267 1137 2368; baseline 0.027 -41"><span class='ocrx_word' id='word_1_91' title='bbox 152 2274 257 2328; x_wconf 88' lang='lat' dir='ltr'><strong>ratur</strong></span> <span class='ocrx_word' id='word_1_92' title='bbox 281 2284 342 2349; x_wconf 84' lang='lat' dir='ltr'><strong>ea,</strong></span> <span class='ocrx_word' id='word_1_93' title='bbox 377 2267 526 2359; x_wconf 80' lang='lat' dir='ltr'><strong>quaein</strong></span> <span class='ocrx_word' id='word_1_94' title='bbox 543 2294 757 2368; x_wconf 82' lang='lat' dir='ltr'><strong>unoquoque</strong></span> <span class='ocrx_word' id='word_1_95' title='bbox 780 2273 861 2350; x_wconf 82' lang='lat' dir='ltr'><strong>loeo</strong></span> <span class='ocrx_word' id='word_1_96' title='bbox 882 2289 953 2365; x_wconf 84' lang='lat' dir='ltr'><strong>est,</strong></span> <span class='ocrx_word' id='word_1_97' title='bbox 980 2277 1137 2354; x_wconf 81' lang='lat' dir='ltr'><strong>eeclesia.</strong></span> 
     </span>
     <span class='ocr_line' id='line_1_17' title="bbox 150 2375 1137 2495; baseline 0.018 -32"><span class='ocrx_word' id='word_1_98' title='bbox 150 2375 327 2477; x_wconf 76' lang='lat' dir='ltr'><strong>Potestne</strong></span> <span class='ocrx_word' id='word_1_99' title='bbox 350 2397 439 2486; x_wconf 86' lang='lat' dir='ltr'><strong>haec</strong></span> <span class='ocrx_word' id='word_1_100' title='bbox 456 2403 623 2493; x_wconf 87' lang='lat' dir='ltr'><strong>ecclesia,</strong></span> <span class='ocrx_word' id='word_1_101' title='bbox 650 2405 684 2477; x_wconf 92' lang='lat' dir='ltr'><strong>si</strong></span> <span class='ocrx_word' id='word_1_102' title='bbox 699 2425 925 2480; x_wconf 84' lang='lat' dir='ltr'><strong>contextum</strong></span> <span class='ocrx_word' id='word_1_103' title='bbox 943 2412 1137 2495; x_wconf 86' lang='lat' dir='ltr'><strong>consulas,</strong></span> 
     </span>
     <span class='ocr_line' id='line_1_18' title="bbox 150 2529 1141 2639; baseline 0.013 -41"><span class='ocrx_word' id='word_1_104' title='bbox 150 2529 223 2602; x_wconf 85' lang='lat' dir='ltr'><strong>alia</strong></span> <span class='ocrx_word' id='word_1_105' title='bbox 241 2555 337 2616; x_wconf 84' lang='lat' dir='ltr'><strong>esse.</strong></span> <span class='ocrx_word' id='word_1_106' title='bbox 365 2558 480 2638; x_wconf 85' lang='lat' dir='ltr'><strong>quam</strong></span> <span class='ocrx_word' id='word_1_107' title='bbox 507 2541 662 2620; x_wconf 81' lang='lat' dir='ltr'><strong>ecelesia</strong></span> <span class='ocrx_word' id='word_1_108' title='bbox 685 2539 895 2611; x_wconf 80' lang='lat' dir='ltr'><strong>catholice?</strong></span> <span class='ocrx_word' id='word_1_109' title='bbox 923 2545 1044 2639; x_wconf 82' lang='lat' dir='ltr'><strong>Quare</strong></span> <span class='ocrx_word' id='word_1_110' title='bbox 1071 2540 1141 2634; x_wconf 81' lang='lat' dir='ltr'><strong>suh</strong></span> 
     </span>
     <span class='ocr_line' id='line_1_19' title="bbox 150 2658 1142 2768; baseline 0.011 -34"><span class='ocrx_word' id='word_1_111' title='bbox 150 2664 220 2751; x_wconf 84' lang='lat' dir='ltr'><strong>iis,</strong></span> <span class='ocrx_word' id='word_1_112' title='bbox 247 2669 402 2760; x_wconf 83' lang='lat' dir='ltr'><strong>quisunt</strong></span> <span class='ocrx_word' id='word_1_113' title='bbox 416 2667 730 2768; x_wconf 78' lang='lat' dir='ltr'><strong>undiqttefideles‚</strong></span> <span class='ocrx_word' id='word_1_114' title='bbox 757 2658 924 2764; x_wconf 83' lang='lat' dir='ltr'><strong>intelligi</strong></span> <span class='ocrx_word' id='word_1_115' title='bbox 942 2669 1058 2742; x_wconf 84' lang='lat' dir='ltr'><strong>velim</strong></span> <span class='ocrx_word' id='word_1_116' title='bbox 1079 2675 1142 2746; x_wconf 83' lang='lat' dir='ltr'><strong>Co·</strong></span> 
     </span>
     <span class='ocr_line' id='line_1_20' title="bbox 157 2793 1140 2904; baseline 0.024 -41"><span class='ocrx_word' id='word_1_117' title='bbox 157 2793 332 2878; x_wconf 77' lang='lat' dir='ltr'><strong>tholicos,</strong></span> <span class='ocrx_word' id='word_1_118' title='bbox 356 2794 553 2870; x_wconf 83' lang='lat' dir='ltr'><strong>haereticis</strong></span> <span class='ocrx_word' id='word_1_119' title='bbox 575 2801 781 2900; x_wconf 86' lang='lat' dir='ltr'><strong>oppositos.</strong></span> <span class='ocrx_word' id='word_1_120' title='bbox 832 2809 934 2901; x_wconf 83' lang='lat' dir='ltr'><strong>Quae</strong></span> <span class='ocrx_word' id='word_1_121' title='bbox 951 2831 1070 2904; x_wconf 91' lang='lat' dir='ltr'><strong>quum</strong></span> <span class='ocrx_word' id='word_1_122' title='bbox 1089 2810 1140 2886; x_wconf 81' lang='lat' dir='ltr'><strong>ittt</strong></span> 
     </span>
     <span class='ocr_line' id='line_1_21' title="bbox 156 2925 1140 3049; baseline 0.018 -49"><span class='ocrx_word' id='word_1_123' title='bbox 156 2925 262 3011; x_wconf 79' lang='lat' dir='ltr'><strong>sint,</strong></span> <span class='ocrx_word' id='word_1_124' title='bbox 286 2951 370 3000; x_wconf 85' lang='lat' dir='ltr'><strong>cum</strong></span> <span class='ocrx_word' id='word_1_125' title='bbox 387 2931 510 3008; x_wconf 85' lang='lat' dir='ltr'><strong>verbis</strong></span> <span class='ocrx_word' id='word_1_126' title='bbox 528 2936 643 3024; x_wconf 81' lang='lat' dir='ltr'><strong>latini</strong></span> <span class='ocrx_word' id='word_1_127' title='bbox 665 2937 881 3049; x_wconf 78' lang='lat' dir='ltr'><strong>interpretis</strong></span> <span class='ocrx_word' id='word_1_128' title='bbox 908 2941 1052 3018; x_wconf 74' lang='lat' dir='ltr'><strong>irenaei</strong></span> <span class='ocrx_word' id='word_1_129' title='bbox 1068 2945 1140 3018; x_wconf 85' lang='lat' dir='ltr'><strong>alia</strong></span> 
     </span>
     <span class='ocr_line' id='line_1_22' title="bbox 153 3065 1140 3166; baseline 0.023 -33"><span class='ocrx_word' id='word_1_130' title='bbox 153 3077 368 3162; x_wconf 82' lang='lat' dir='ltr'><strong>permutare</strong></span> <span class='ocrx_word' id='word_1_131' title='bbox 380 3065 587 3150; x_wconf 85' lang='lat' dir='ltr'><strong>licethaec:</strong></span> <span class='ocrx_word' id='word_1_132' title='bbox 616 3131 639 3166; x_wconf 87' lang='lat'><strong>,‚</strong></span> <span class='ocrx_word' id='word_1_133' title='bbox 653 3081 749 3150; x_wconf 87' lang='lat' dir='ltr'><strong>Cum</strong></span> <span class='ocrx_word' id='word_1_134' title='bbox 767 3079 836 3150; x_wconf 85' lang='lat' dir='ltr'><strong>hac</strong></span> <span class='ocrx_word' id='word_1_135' title='bbox 863 3079 967 3153; x_wconf 87' lang='lat' dir='ltr'><strong>enim</strong></span> <span class='ocrx_word' id='word_1_136' title='bbox 986 3079 1140 3156; x_wconf 80' lang='lat' dir='ltr'><strong>ecclesis</strong></span> 
     </span>
     <span class='ocr_line' id='line_1_23' title="bbox 156 3198 1242 3330; baseline 0.007 -53"><span class='ocrx_word' id='word_1_137' title='bbox 156 3198 374 3294; x_wconf 71' lang='lat' dir='ltr'><strong>,‚(10mtsst.fl)</strong></span> <span class='ocrx_word' id='word_1_138' title='bbox 397 3221 543 3294; x_wconf 85' lang='lat' dir='ltr'><strong>propter</strong></span> <span class='ocrx_word' id='word_1_139' title='bbox 561 3213 779 3310; x_wconf 79' lang='lat' dir='ltr'><strong>augustiora</strong></span> <span class='ocrx_word' id='word_1_140' title='bbox 806 3213 912 3292; x_wconf 85' lang='lat' dir='ltr'><strong>illius</strong></span> <span class='ocrx_word' id='word_1_141' title='bbox 933 3212 1141 3311; x_wconf 79' lang='lat' dir='ltr'><strong>primordia</strong></span> <span class='ocrx_word' id='word_1_142' title='bbox 1237 3321 1242 3330; x_wconf 19' lang='grc' dir='ltr'><em>Ι</em></span> 
     </span>
     <span class='ocr_line' id='line_1_24' title="bbox 157 3349 1221 3446; baseline 0.007 -33"><span class='ocrx_word' id='word_1_143' title='bbox 157 3359 335 3422; x_wconf 79' lang='lat' dir='ltr'><strong>„necesse</strong></span> <span class='ocrx_word' id='word_1_144' title='bbox 368 3353 426 3408; x_wconf 83' lang='lat' dir='ltr'><strong>est</strong></span> <span class='ocrx_word' id='word_1_145' title='bbox 456 3359 604 3416; x_wconf 80' lang='lat' dir='ltr'><strong>omnem</strong></span> <span class='ocrx_word' id='word_1_146' title='bbox 636 3349 842 3435; x_wconf 64' lang='lat' dir='ltr'><strong>eonvenite</strong></span> <span class='ocrx_word' id='word_1_147' title='bbox 863 3350 923 3446; x_wconf 83' lang='lat' dir='ltr'><strong>(in</strong></span> <span class='ocrx_word' id='word_1_148' title='bbox 952 3349 1143 3446; x_wconf 82' lang='lat' dir='ltr'><strong>doctrina)</strong></span> <span class='ocrx_word' id='word_1_149' title='bbox 1214 3373 1221 3380; x_wconf 91' lang='lat'>·</span> 
     </span>
     <span class='ocr_line' id='line_1_25' title="bbox 101 3471 1142 3579; baseline 0.011 -39"><span class='ocrx_word' id='word_1_150' title='bbox 101 3511 106 3524; x_wconf 90' lang='lat'><strong>·</strong></span> <span class='ocrx_word' id='word_1_151' title='bbox 156 3471 392 3560; x_wconf 85' lang='lat' dir='ltr'><strong>„ecclesiam,</strong></span> <span class='ocrx_word' id='word_1_152' title='bbox 421 3473 460 3544; x_wconf 91' lang='lat' dir='ltr'><strong>h.</strong></span> <span class='ocrx_word' id='word_1_153' title='bbox 482 3495 514 3544; x_wconf 90' lang='lat' dir='ltr'><strong>e.</strong></span> <span class='ocrx_word' id='word_1_154' title='bbox 540 3481 740 3559; x_wconf 87' lang='lat' dir='ltr'><strong>catholicos</strong></span> <span class='ocrx_word' id='word_1_155' title='bbox 759 3477 1024 3579; x_wconf 80' lang='lat' dir='ltr'><strong>(orthodoxos)</strong></span> <span class='ocrx_word' id='word_1_156' title='bbox 1052 3481 1142 3552; x_wconf 84' lang='lat' dir='ltr'><strong>fide-</strong></span> 
     </span>
     <span class='ocr_line' id='line_1_26' title="bbox 158 3607 1140 3712; baseline 0.014 -36"><span class='ocrx_word' id='word_1_157' title='bbox 158 3607 257 3694; x_wconf 88' lang='lat' dir='ltr'><strong>„les,</strong></span> <span class='ocrx_word' id='word_1_158' title='bbox 284 3607 466 3704; x_wconf 71' lang='lat' dir='ltr'><strong>quonism</strong></span> <span class='ocrx_word' id='word_1_159' title='bbox 488 3633 635 3712; x_wconf 80' lang='lat' dir='ltr'><strong>semper</strong></span> <span class='ocrx_word' id='word_1_160' title='bbox 657 3643 676 3692; x_wconf 84' lang='lat' dir='ltr'><strong>a</strong></span> <span class='ocrx_word' id='word_1_161' title='bbox 702 3619 898 3694; x_wconf 79' lang='lat' dir='ltr'><strong>catholicis</strong></span> <span class='ocrx_word' id='word_1_162' title='bbox 922 3634 1140 3690; x_wconf 83' lang='lat' dir='ltr'><strong>conservata</strong></span> 
     </span>
     <span class='ocr_line' id='line_1_27' title="bbox 160 3745 745 3838; baseline 0.017 -25"><span class='ocrx_word' id='word_1_163' title='bbox 160 3759 240 3828; x_wconf 85' lang='lat' dir='ltr'><strong>„est</strong></span> <span class='ocrx_word' id='word_1_164' title='bbox 257 3745 461 3838; x_wconf 78' lang='lat' dir='ltr'><strong>apostolica</strong></span> <span class='ocrx_word' id='word_1_165' title='bbox 479 3745 646 3822; x_wconf 87' lang='lat' dir='ltr'><strong>traditio.</strong></span> <span class='ocrx_word' id='word_1_166' title='bbox 660 3761 682 3796; x_wconf 83' lang='grc'>“</span> <span class='ocrx_word' id='word_1_167' title='bbox 693 3791 745 3810; x_wconf 92' lang='grc'>-</span> 
     </span>
    </p>
   </div>
   <div class='ocr_carea' id='block_1_5' title="bbox 262 3855 1140 3996">
    <p class='ocr_par' dir='ltr' id='par_1_5' title="bbox 262 3855 1140 3996">
     <span class='ocr_line' id='line_1_28' title="bbox 262 3855 1140 3996; baseline 0.013 -46"><span class='ocrx_word' id='word_1_168' title='bbox 262 3884 428 3981; x_wconf 72' lang='lat' dir='ltr'><strong>Quartae</strong></span> <span class='ocrx_word' id='word_1_169' title='bbox 442 3887 527 3977; x_wconf 85' lang='lat' dir='ltr'><strong>(XI.</strong></span> <span class='ocrx_word' id='word_1_170' title='bbox 539 3868 622 3996; x_wconf 80' lang='lat' dir='ltr'><strong>pag.</strong></span> <span class='ocrx_word' id='word_1_171' title='bbox 638 3891 721 3985; x_wconf 86' lang='lat'>169.</span> <span class='ocrx_word' id='word_1_172' title='bbox 738 3855 839 3982; x_wconf 71' lang='lat' dir='ltr'><strong>iqq.)</strong></span> <span class='ocrx_word' id='word_1_173' title='bbox 859 3887 1140 3977; x_wconf 73' lang='lat' dir='ltr'><strong>commentetio·</strong></span> 
     </span>
    </p>
   </div>
   <div class='ocr_carea' id='block_1_6' title="bbox 0 0 1381 4790">
    <p class='ocr_par' dir='ltr' id='par_1_6' title="bbox 0 0 1381 4790">
     <span class='ocr_line' id='line_1_29' title="bbox 0 0 1381 4790; baseline 0 0"><span class='ocrx_word' id='word_1_174' title='bbox 0 0 1381 4790; x_wconf 95' lang='lat' dir='ltr'><strong> </strong></span> 
     </span>
    </p>
   </div>
  </div>
 </body>
</html>
