2752 4790
689 369 790 414 XXXIV

264 535 367 608 enim
383 531 511 606 literae
531 523 787 609 authenticae,
814 519 848 594 si
868 521 1098 597 vocabulum
1119 549 1187 622 per
1204 550 1243 597 se

261 688 422 768 spectes,
456 663 616 738 omnino
645 654 856 754 significare
879 678 1039 753 possunt
1063 659 1241 756 epistolas
1359 691 1362 726 r

259 829 438 908 graecasr¹
473 803 546 874 hoc
568 814 665 871 certe
690 791 917 866 Tertulliani
946 795 1035 868 loco
1053 819 1111 868 aas
1146 798 1243 867 hanc
1360 779 1362 856 f

258 941 341 1012 vim
365 961 446 1009 non
467 937 622 1019 habere,
660 925 911 1003 Griesbachius
928 953 976 1004 ex
994 928 1101 1002 omni
1118 945 1244 1004 textus

259 1082 424 1174 συναφειᾳ
444 1073 542 1148 clare
558 1056 700 1138 docuit.

333 1207 517 1280 Addimus
534 1199 655 1268 adhuc
669 1188 715 1262 ad
729 1183 918 1264 nonnulla
934 1185 1049 1268 buius
1062 1217 1235 1271 commen

259 1338 415 1418 tationis
443 1332 595 1406 criticae
632 1321 715 1400 loca
746 1342 857 1398 notas
890 1303 1034 1426 aliquas
1048 1328 1244 1404 literariaa.

258 1477 319 1548 Sic
333 1473 427 1542 bene
446 1467 619 1539 observat
644 1459 894 1536 Griesbacbius
907 1488 946 1559 p.
969 1487 1052 1542 120.
1075 1489 1128 1561 sq.
1161 1471 1245 1540 Ter·

257 1607 453 1686 tullianum
476 1595 628 1698 quidem
651 1615 735 1669 cum
759 1604 912 1670 Irenaeo
934 1593 977 1670 in
999 1617 1134 1672 vexato
1157 1599 1252 1685 loco¹

261 1767 294 1820 1.
312 1739 395 1811 Ioh.
420 1741 483 1824 IV,
513 1755 548 1828 3.
574 1731 753 1805 vertisset
780 1733 843 1829 qui
866 1735 976 1806 solvit
993 1739 1120 1806 Iesum
1138 1733 1241 1805 Chri·

255 1893 372 1963 stum,
398 1870 440 1944 in
454 1870 542 1942 libr.
558 1883 687 1942 eontra
703 1862 920 1968 Psychicos,
947 1882 979 1952 c.
1000 1893 1053 1958 1.,
1080 1867 1245 1967 adeoque

257 2024 462 2105 sequutum
489 2022 569 2081 esse
593 1994 797 2076 lectionem
812 2011 829 2079 a*
847 2012 937 2092 loen
975 2003 1040 2078 sed
1063 2005 1243 2100 primitus

259 2135 541 2216 Tertullianum
564 2139 607 2225 in
641 2139 763 2212 latino
796 2155 866 2210 suo
894 2137 1023 2211 codice
1049 2128 1244 2212 habuisset

259 2251 321 2376 ejui
340 2289 454 2377 negat
469 2273 590 2372 (quod
604 2308 653 2371 ep
666 2309 712 2375 pp
729 2279 887 2376 ὁμολογει
904 2263 1123 2370 repondet),
1151 2299 1245 2371 quo·

181 2417 186 2440 '
258 2413 373 2486 modo
392 2413 521 2508 legant
546 2407 789 2496 Ambrosius,
824 2410 1119 2496 Ambrosiaster,
1154 2410 1243 2494 alii;

258 2548 350 2622 hinc
371 2565 503 2620 contra
528 2513 758 2618 Marcionem
786 2541 873 2613 libr.
897 2548 942 2616 V.
973 2561 1052 2640 cap.
1075 2546 1132 2619 16.
1154 2565 1242 2616 con-

258 2678 432 2754 iunxisse
456 2687 654 2774 utramque
678 2665 902 2748 lectionem:
941 2695 1118 2776 negantes
1144 2681 1244 2750 Chri·

259 2829 357 2884 stum
372 2811 409 2881 in
423 2831 530 2882 corne
543 2805 693 2899 venisse,
720 2810 944 2884 resolventes
961 2819 1107 2892 lemma
1132 2837 1244 2909 quam

260 2943 466 3018 lectionem
493 2965 514 3014 e
552 2945 778 3018 Tertulliano
804 2939 979 3040 deinceps
1010 2934 1057 3017 ad
1081 2949 1243 3019 caetere&

260 3079 400 3154 latinos
423 3071 648 3173 pervenisse.
674 3117 724 3138 -
749 3075 801 3150 At
821 3077 866 3150 de
888 3079 1046 3152 veritate
1067 3080 1241 3150 lectionis

262 3231 450 3308 receptaet
473 3219 731 3315 ὄμηὸμολογει,
749 3227 792 3286 ac
813 3213 859 3283 de
884 3213 1028 3311 origine
1054 3201 1169 3285 falsae
1188 3216 1240 3286 le·

264 3347 400 3423 taionis
424 3344 663 3422 anonnullis
679 3344 874 3420 defensae:
903 3354 920 3424 ὁ
944 3353 1040 3438 lost,
1065 3345 1152 3420 vide
1176 3350 1241 3437 sis,

264 3507 357 3582 quae
376 3486 456 3580 ipae
473 3482 518 3553 ad
538 3477 757 3554 refutandos
782 3483 909 3558 varios
934 3502 1074 3556 errores
1102 3485 1170 3556 hac
1197 3484 1244 3555 de

169 3666 173 3673 -
264 3643 304 3690 re
328 3643 450 3716 nuper
475 3633 678 3714 conceptos
702 3613 827 3692 fusius
853 3609 1014 3694 disserui
1036 3619 1080 3691 in
1107 3621 1242 3694 Diario

264 3751 467 3854 theologico
484 3757 674 3828 novissimo
687 3755 773 3828 Vol.
794 3756 858 3823 VI.
884 3775 968 3851 pag.
989 3775 1077 3853 433.
1095 3775 1176 3852 sqq.
1191 3790 1243 3812 -
1329 3821 1335 3829 .

264 3886 436 3984 Denique
464 3890 712 3970 Griesbaclrr'tu
735 3890 829 3962 bene
857 3887 1074 3967 observavit
1096 3915 1133 3985 p.
1157 3913 1239 3968 121.
