2752 4790
741 385 849 428 Lttvtn
938 425 953 464 J

314 567 398 612 cum
415 540 585 613 doctrina
603 535 776 608 Paullina
804 535 846 604 in
869 534 954 607 aliis
972 535 1086 606 etiam
1109 537 1203 608 locis
1229 559 1288 605 ex-

314 679 438 771 posita
457 691 623 747 accurate
642 669 843 742 convenire
857 687 1011 742 constat.
1029 709 1080 728 -

414 807 691 910 commentatio
711 803 823 875 huius
838 805 1048 876 voluminis
1069 831 1169 877 nona
1180 809 1287 896 (XVI.
1364 871 1365 892 ,

310 971 349 1040 p.
368 951 502 1042 269-
511 945 618 1038 237.)
633 941 679 1010 ad
693 939 893 1008 indicenda
909 941 1111 1012 sollemnia
1126 943 1294 1012 doctora-
1364 967 1366 996 r

313 1081 362 1152 lia
383 1087 436 1151 lo.
463 1079 640 1153 Guilielm.
663 1071 835 1144 Schrnidii
852 1095 883 1142 a.
909 1095 1017 1170 1334.
1053 1077 1208 1170 scripta,
1235 1099 1292 1144 ne·

315 1243 405 1286 scum
438 1217 529 1282 inter
564 1210 734 1279 virtutem
757 1219 792 1274 et
817 1205 1032 1299 religionem
1054 1211 1184 1304 paucis
1207 1210 1293 1279 illu·
1365 1261 1366 1292 3

311 1363 414 1420 strat.
452 1379 502 1399 -
534 1345 580 1410 In
599 1339 667 1408 hac
689 1335 907 1430 prolusione
938 1337 1189 1411 Griesbuclrius
1210 1343 1295 1412 reli·

312 1481 465 1574 gionem
491 1472 732 1543 christianam
758 1495 839 1541 non
860 1487 938 1540 tam
968 1468 1138 1542 defendit
1165 1474 1209 1543 ab
1231 1479 1293 1564 iis,

309 1610 376 1708 qui
392 1607 532 1681 frivole
550 1619 669 1678 omue'
678 1604 833 1677 virtutis
853 1605 1076 1676 exercitium
1099 1629 1295 1702 spernunt,
1366 1633 1368 1684 ζ

310 1764 420 1838 quam
436 1743 565 1838 potius
581 1740 627 1811 ab
643 1763 772 1812 eorum
788 1739 902 1813 modo
919 1741 1208 1830 obiectionibus,
1228 1745 1295 1840 qui
1366 1747 1368 1822 ἶ

309 1879 490 1953 virtutem
509 1899 550 1947 ac
569 1877 792 1973 religionem
816 1895 1026 1970 separantes
1044 1877 1118 1950 sibi
1141 1901 1293 1972 persua-

309 2014 418 2101 dent,
447 2013 628 2084 virtutem
656 2013 793 2107 absque
831 2011 1027 2108 religionis
1061 2013 1293 2086 adminiculo

309 2149 445 2222 animis
461 2150 662 2220 hominum
671 2171 781 2244 posse
799 2147 982 2217 instillari
988 2175 1001 2232 3
1021 2171 1185 2244 quorum
1200 2145 1293 2219 duae

309 2284 443 2354 classes
461 2305 544 2383 pag.
568 2295 753 2379 271.sqq.
772 2299 1060 2369 enumerantur,
1088 2305 1291 2378 earumque
1368 2279 1369 2352 ζ

307 2435 526 2513 argumenta
542 2414 767 2489 refutantur.
810 2417 889 2487 Alii
906 2415 1008 2486 enim
1030 2439 1111 2486 non
1136 2438 1291 2490 ornnem
1330 2397 1332 2402 ,
1369 2445 1370 2466 ¹

305 2552 458 2650 quidem
480 2553 563 2626 vim
594 2553 790 2650 religionis
813 2575 834 2621 a
857 2549 1010 2624 virtutis
1036 2552 1212 2623 exercitio
1236 2577 1293 2623 se·
1368 2581 1370 2624 2

153 2709 155 2714 ·
263 2779 266 2785 y
306 2687 477 2769 cludunt,
502 2705 541 2756 at
559 2688 783 2784 religionem
798 2677 1014 2757 naturalem
1023 2687 1068 2755 ad
1084 2689 1157 2760 hoc
1175 2713 1292 2785 nego·
1368 2711 1370 2750 r

305 2817 405 2887 tium
425 2821 502 2888 iam
516 2817 683 2890 sufficere
693 2812 847 2916 ‘putant,
864 2822 970 2890 nulla
984 2821 1138 2914 quidem
1150 2825 1291 2894 deside·

304 2951 450 3022 riorum
466 2953 620 3046 populi,
648 2976 690 3020 ae
712 2952 960 3049 praestantiae
975 2955 1171 3052 religionis
1192 2961 1289 3030 chri·
1361 2939 1370 2992 ᾧ

306 3087 449 3158 stianae
477 3085 623 3156 ratione
655 3084 802 3169 habita3
838 3085 904 3164 alii
936 3105 1061 3160 autem
1082 3091 1303 3164 adversarii·
1369 3113 1370 3116 ’

302 3222 512 3292 naturalem
537 3221 650 3304 etiam
667 3200 912 3317 religionem,
940 3247 1032 3319 quae
1053 3237 1090 3290 et
1112 3221 1192 3318 ipsa
1186 3228 1287 3345 stir—
1369 3241 1370 3244 ’

302 3353 394 3426 tutis
411 3355 534 3426 studia
555 3356 716 3428 excitare
736 3375 775 3426 et
795 3360 891 3429 alere
910 3372 1087 3452 nequeat,
1116 3378 1285 3434 oontem-

302 3506 423 3576 nunt,
447 3490 549 3560 nihil
564 3517 643 3564 non
659 3493 890 3576 educationi,
924 3472 1126 3586 exemplis,
1153 3495 1282 3568 adsue·
1369 3515 1370 3520 ’

208 3635 211 3642 ’
299 3623 426 3694 tudini
456 3627 686 3723 sapientique
714 3625 937 3726 reipublicae
961 3623 1280 3704 administrationi

300 3759 517 3833 tribuentes.
545 3801 596 3816 -
622 3765 807 3836 Nolumus
831 3783 921 3834 vero
947 3764 1178 3858 argumentis
1200 3766 1277 3838 Au-

299 3871 413 3966 ctoris
433 3915 509 3970 tam
525 3898 635 3970 certis
653 3917 690 3970 et
706 3885 871 3982 invictis,
890 3918 1004 3992 quam
1018 3899 1127 3973 oleris
1138 3919 1174 3971 et
1190 3927 1271 3996 per·
