2752 4790
712 351 792 394 XXVI

168 523 174 537 ·
269 502 510 576 struebantur
537 501 757 576 lectionaria
787 501 830 573 in
860 527 971 580 tuum
1003 509 1243 606 singulorum
1345 507 1346 510 '

268 655 456 713 coetuum.
508 644 567 712 Ex
593 640 654 711 his
668 637 907 738 lectionariis
932 649 1153 744 perantiquis
1170 650 1243 718 ori·

267 776 394 870 ginem
409 774 559 850 duxisse
580 775 678 850 mihi
692 775 842 848 videtur
862 779 1036 851 retractio
1055 761 1247 856 clausulae,

204 877 208 890 ι
266 933 342 1006 cap.
361 917 460 984 XVI.
475 912 651 986 adfinem
667 936 746 1006 cap.
763 917 862 984 XIV.
915 920 1014 986 Nam
1029 917 1095 988 hae
1113 918 1242 1016 singuz

263 1048 321 1118 lae
338 1049 582 1122 salutationes
603 1049 645 1118 in
663 1069 742 1138 cap.
759 1049 858 1117 XVI.
878 1047 1013 1119 obviae
1031 1053 1243 1126 nuliusad

262 1184 551 1281 praelegendum
576 1199 666 1248 usus
699 1192 806 1248 erant
838 1176 880 1248 in
915 1183 1088 1270 ecclesia,
1131 1199 1245 1280 quare

265 1318 505 1392 omittebatur
530 1313 573 1382 in
603 1310 833 1384 lectionariis
864 1336 942 1406 cap.
974 1319 1242 1411 XV1.praeter

258 1451 481 1523 clausulam.
519 1447 590 1518 Cui
605 1463 731 1517 autem
748 1471 866 1541 quum
880 1449 1013 1524 nullus
1027 1451 1133 1524 locus
1150 1451 1241 1526 fuis·

260 1602 315 1659 set
343 1585 386 1655 in
409 1583 528 1677 capite
558 1581 863 1680 decimoquinto
892 1581 1036 1664 duabus
1061 1588 1241 1662 clausulis
1326 1629 1328 1637 ·

258 1721 333 1792 iarn
353 1721 540 1792 instructo
562 1720 617 1812 (ν.
645 1741 703 1812 13.
732 1735 770 1790 et
803 1723 906 1814 33),
949 1719 1140 1802 referenda
1162 1741 1242 1794 erat
1363 1743 1365 1748 ’

259 1855 461 1952 doxologia
477 1853 523 1966 ad
538 1853 654 1926 finem
669 1857 748 1951 cap.
764 1861 852 1928 XIV
855 1909 878 1944 .‚
905 1879 978 1952 qua
992 1857 1241 1932 translatione
1363 1843 1365 1858 ’

258 2011 384 2066 autem
402 1989 672 2065 dissociabatur
689 2009 800 2087 caput
817 1992 1004 2066 decimum
1027 2011 1202 2090 quartum
1219 2017 1239 2068 a

257 2131 430 2225 proxime
444 2128 618 2222 sequenti
642 2127 849 2202 arctissime
876 2146 1003 2202 tamen
1024 2153 1152 2203 secum
1177 2155 1248 2202 cor

254 2266 439 2336 haerente.
509 2262 653 2334 Ultima
686 2289 778 2336 vero
806 2263 882 2335 duo
913 2265 1095 2359 epistolae
1117 2265 1237 2358 capita

253 2425 334 2474 non
356 2397 572 2474 constitisse
593 2399 771 2494 separatis
788 2399 975 2474 schedulis
998 2400 1076 2495 ipsi
1099 2400 1236 2495 episto·

178 2602 200 2646 ,ι
252 2541 311 2610 lae
329 2538 404 2610 iam
421 2535 547 2608 finitae
573 2535 744 2622 adiectis,
758 2536 837 2608 sed
862 2555 978 2608 unam
1000 2517 1129 2630 potius
1147 2559 1237 2606 con-

253 2673 475 2765 tinuamque
502 2693 584 2740 curn
612 2672 918 2765 praecedentibus
951 2673 1135 2766 capitibus
1160 2671 1239 2765 epi·

254 2803 392 2878 stolam
407 2801 453 2872 ad
467 2805 657 2874 Romanos
674 2807 928 2891 constituisse,
948 2825 1112 2901 arguunt
1124 2808 1237 2880 etiam

252 2937 366 3014 verba
389 2938 518 3026 Tertii,
545 2941 743 3030 cap.XV1,
767 2959 829 3016 22.
856 2943 1049 3040 ἇσπαζομαι
1067 2943 1234 3046 ὖμαςιὲγω

132 3141 136 3157 r
253 3093 406 3174 Ttprtss,
433 3078 604 3172 ὁγραψας
625 3101 708 3171 την
734 3077 992 3172 trasarius,
1019 3075 1118 3146 unde
1136 3074 1233 3142 clare

96 3203 100 3210 ⁴
251 3211 419 3304 adparet,
455 3207 544 3280 haee
564 3207 700 3283 ultima
723 3205 845 3305 capita
868 3213 1040 3285 conturna
1059 3208 1147 3278 serie
1169 3198 1230 3279 co·

251 3348 398 3423 haerere
415 3367 502 3422 cum
515 3361 595 3420 tota
614 3342 782 3438 epistola.

350 3481 543 3578 Pergimus
567 3479 761 3570 adlatum
783 3475 1230 3576 vexatissimumxtgnatn·

251 3620 294 3692 in
316 3620 425 3718 epist.
451 3613 498 3692 ad
515 3612 826 3718 Pitilsdslphenos
852 3635 930 3710 cap.
958 3630 993 3706 8.
1017 3635 1039 3685 a
1060 3611 1228 3688 Griesba·

250 3752 331 3827 chio
349 3777 432 3850 pag.
457 3755 517 3833 66.
536 3777 617 3850 sqq,
653 3751 902 3834 illustratum,
936 3771 1059 3843 neque
1076 3773 1096 3820 a
1113 3747 1227 3822 nobis

252 3887 333 3986 sine
364 3885 624 3968 observatione
648 3889 770 3986 aliqua
798 3883 1078 3958 dimittendum.
1131 3889 1226 3956 Hee-
