2722 4806
705 398 770 444 xcn

254 580 316 640 eo,
354 557 396 624 in
423 571 580 650 utraque
604 549 718 623 huius
752 549 946 644 periochae
968 571 1074 649 parte
1102 559 1230 632 eodem

254 713 404 785 regnare
420 690 569 762 videtur
587 686 697 760 notio
715 685 893 780 primaria
912 689 1066 784 quietis3
1091 717 1226 788 nempe
1307 749 1312 760 ,

223 821 435 924 ,[εἰίεἰεαείε
468 823 652 916 symboli,
700 843 812 916 quam
845 806 888 892 in
922 825 1049 919 requie
1076 827 1226 921 potissi·
1339 870 1343 879 -

251 984 357 1030 mum
386 960 713 1066 quaereresolent
740 952 961 1031 Orientales.
1012 966 1140 1056 ltaque
1167 961 1225 1030 in·

251 1094 394 1164 dicatur
410 1093 454 1164 in
472 1112 631 1188 utraque
649 1090 833 1184 segmenti
855 1109 958 1182 parte
980 1074 1087 1188 qnies
1112 1100 1228 1166 Israe-

250 1230 406 1300 litarum
427 1227 548 1323 quieti
561 1229 633 1296 Dei
650 1227 757 1319 ipsius
776 1222 924 1308 similis,
952 1225 995 1292 in
1013 1229 1132 1318 priori
1148 1231 1229 1326 qui·

250 1363 334 1434 dem
357 1379 461 1456 parte
475 1362 567 1453 (cap.
591 1360 677 1452 111.)
699 1357 741 1428 in
765 1373 863 1428 terra
885 1357 1158 1450 chanaanitica,
1185 1364 1228 1436 in

247 1493 448 1592 posteriori
477 1509 603 1564 autem
628 1493 724 1584 (cap.
752 1494 852 1581 IV.),
887 1491 1109 1588 generatim,
1152 1521 1225 1590 qna

249 1626 462 1720 symbolum
483 1621 669 1726 felicitatis
702 1625 882 1714 ornnino,
927 1627 1103 1724 inprimis
1121 1629 1225 1700 Chri·

251 1763 460 1832 stianorum
469 1805 484 1849 ,=
507 1759 573 1856 qui
589 1760 722 1860 beatos
737 1785 775 1833 se
791 1761 975 1834 sentirent
991 1763 1119 1858 requie
1137 1789 1156 1833 a
1171 1765 1224 1835 la·

246 1895 399 1967 boribus
430 1913 469 1967 et
505 1897 717 1984 aertmrnis,
751 1913 789 1966 et
820 1898 1050 1970 elaboriosa
1069 1871 1222 1971 conten*-

245 2031 349 2104 tione
365 2032 539 2118 omnino,
562 2033 631 2104 illo
647 2033 729 2104 veri
741 2034 910 2106 nominis
927 2044 1222 2138 raddonem.-

344 2169 621 2278 Commentatio
648 2171 785 2241 decima
809 2187 942 2266 quarto
970 2172 1083 2242 huius
1109 2173 1218 2242 volu·
1317 2246 1319 2256 ,

148 2309 151 2316 “
243 2302 376 2392 minis,
403 2327 518 2399 eaque
535 2306 682 2392 ultima,
719 2309 847 2396 (XXV.
867 2329 948 2400 pag.
965 2325 1037 2401 471
1055 2307 1222 2399 -486·)

242 2461 476 2534 programma
515 2442 767 2532 pentecostale
798 2463 829 2508 a.
863 2461 972 2535 1793.
1006 2437 1220 2522 continens,

241 2575 408 2657 exhibet,
442 2577 610 2647 locorum
642 2578 741 2649 Novi
775 2575 991 2648 Testamenti
1019 2575 1069 2643 od
1097 2597 1219 2644 oscen·

243 2734 323 2782 sum
353 2708 485 2778 Christi
510 2715 546 2779 in
564 2713 703 2782 coelum
719 2711 958 2805 spectantium
972 2709 1151 2807 syllogen.
1168 2743 1219 2762 -

240 2817 411 2935 Pergrata
426 2841 498 2910 erit
520 2840 628 2911 docta
645 2845 733 2911 haec
749 2843 825 2916 viri
852 2841 1063 2914 celeberimi
1082 2841 1215 2914 disser-
1251 2929 1255 2937 Ι
1359 2839 1360 2846 '

243 2977 351 3061 tatio,
378 2999 501 3046 novus
522 2974 628 3067 isque
641 2974 966 3068 locupletissimus
983 2976 1101 3046 animi
1116 2977 1219 3050 labo·

240 3137 323 3180 rum
343 3108 628 3204 patientissimi,
656 3127 768 3204 atque
788 3107 966 3207 indefessi
989 3111 1094 3184 locos
1120 3109 1215 3177 eius·
1286 3172 1289 3181 ,

239 3246 324 3342 dem
342 3245 486 3338 generis
515 3243 720 3339 colligendi
747 3243 863 3339 inque
891 3269 975 3316 suas
995 3245 1125 3314 classes
1141 3241 1213 3310 rite

241 3379 433 3476 digerendi
450 3351 568 3452 studii
587 3379 712 3466 testis,
740 3378 875 3475 cuique
884 3376 1027 3462 lectori,
1055 3375 1121 3470 qui
1135 3398 1214 3445 om-

238 3539 364 3588 nesae
387 3517 558 3612 singulos
583 3514 721 3588 adhoc
746 3529 1006 3610 argmnentum
1022 3510 1212 3604 pertinen-

240 3670 295 3724 tes
318 3657 368 3726 N.
398 3659 441 3724 T.
466 3654 571 3725 locos
597 3652 761 3723 sollicite
784 3651 883 3721 inter
901 3670 940 3719 se
964 3639 1134 3717 confer‘re
1148 3669 1212 3714 cu·

236 3785 335 3881 pia't,
363 3815 438 3884 quo
457 3805 598 3860 certum
618 3813 659 3860 ao
678 3789 822 3860 iustum
844 3785 912 3853 hac
931 3782 988 3852 de'
1001 3805 1041 3852 re
1065 3778 1210 3852 difficili

238 3921 421 3994 iudicium
435 3922 597 3998 formare
606 3941 728 4021 queat.
737 3920 962 3992 —Primum
974 3933 1071 3988 recte
1082 3917 1209 3988 obser-

238 4073 300 4130 vat
316 4057 574 4146 Griesbaclrius,
590 4059 841 4131 narrationem
851 4053 896 4126 de
904 4053 1048 4128 visibili
1058 4051 1207 4126 adsten-

1348 1531 1356 1680 l
