2722 4806
742 389 781 431 XC

270 535 464 637 iacerent„
484 553 670 610 commate
696 563 731 616 2.
753 519 860 611 ‘addit
874 542 911 637 a)
926 547 1036 618 nobis
1063 573 1178 647 aeque
1203 579 1245 627 ac

267 671 399 766 priscis
428 675 605 748 Israelitis
643 661 881 769 promissam
901 703 979 752 esse
1008 683 1242 776 felicitatem,

212 777 215 782 Ι
266 806 308 898 b)
329 807 531 904 participes
555 812 633 882 eius
653 827 779 881 autem
794 813 894 885 solos
916 811 997 888 fieri
1021 853 1239 910 πιστενοντως.

266 949 477 1039 Utrumque
492 946 629 1041 repetit
646 970 780 1018 comm.
800 971 833 1040 3.
852 949 1025 1038 ineunte,
1054 975 1091 1026 et
1107 957 1240 1029 confir·

262 1097 341 1149 mat
353 1080 477 1154 verbis
493 1084 631 1152 Psalmi
646 1081 783 1152 iterum
798 1085 977 1174 prolatis:
1006 1099 1034 1164 εἰ
1044 1101 1243 1170 clarisonas·

262 1249 319 1292 rat
342 1227 384 1303 εἰς
406 1249 465 1314 mys
483 1243 690 1290 aurearoma
717 1245 796 1312 μου.
849 1217 973 1311 Atque
989 1249 1083 1296 nunc
1098 1229 1240 1302 ἅωηανη

261 1326 431 1420 animum
456 1347 535 1417 eius
562 1345 719 1420 subiisse
739 1347 890 1420 videtur
906 1355 1107 1449 cogitatio,
1133 1393 1240 1439 κατα.
1326 1458 1331 1466 Ι

259 1515 378 1558 nouato
398 1513 465 1579 μου
480 1503 569 1560 ¹osso
590 1511 798 1558 auresaures
823 1495 915 1562 θεον.
968 1493 1068 1562 Haeo
1094 1493 1137 1564 in
1160 1495 1248 1568 me-x

257 1615 418 1686 moriam
440 1615 519 1685 eius
546 1615 743 1687 revocabat
760 1620 889 1692 locum
914 1628 1096 1698 Geneseos
1113 1633 1164 1716 11,
1193 1641 1231 1727 4'.

254 1747 470 1820 laudatum:
506 1781 711 1827 κατεπαυσεν
731 1761 747 1829 ὁ
766 1769 839 1846 Saea
861 1765 927 1834 dra
948 1793 1013 1837 rtur
1028 1771 1144 1863 ἔργων
1160 1768 1235 1844 ,ωὖ-

254 1913 329 1957 rou.
383 1883 444 1956 sic
459 1903 584 1956 mente
599 1885 825 1962 informavit
840 1893 1040 1968 notionem
1061 1933 1234 1979 καταπαυ-

254 2049 336 2098 σεως
350 2025 418 2096 ἔπν
433 2053 499 2098 των
515 2030 630 2122 ἔργων.
683 2029 731 2095 Et
749 2051 867 2121 quum
884 2061 1043 2119 πιστεως,
1076 2061 1168 2132 quae
1184 2045 1234 2134 ἐρ.

254 2187 323 2250 γοις
336 2185 440 2256 νυμον
457 2158 601 2250 opponi
619 2162 735 2247 solet,
761 2162 803 2232 in
825 2167 1001 2258 proxime
1015 2174 1233 2244 anteceden-

212 2335 226 2354 .
251 2289 354 2360 tibus
382 2290 581 2386 aliquoties
604 2297 857 2385 meminisset,
883 2298 995 2373 facile
1015 2329 1058 2376 eo
1083 2307 1228 2378 delatus

248 2443 322 2510 est,
350 2443 394 2496 ut
414 2427 613 2523 cogitando
633 2431 721 2503 haec
742 2435 1009 2533 coniungeret„
1031 2464 1071 2510 ac
1088 2459 1225 2512 statue·

249 2579 325 2650 ret,
361 2586 571 2667 aararaoorv
589 2579 687 2664 θεον,
721 2570 898 2666 adquam
922 2598 993 2647 nos
1017 2577 1222 2650 Christiani

247 2697 482 2783 invitamur,
525 2724 602 2771 esse
634 2733 844 2806 aararauotv
878 2707 936 2783 ἀπ’
976 2715 1079 2810 ἔργων
1110 2713 1228 2811 νόμον.

248 2830 460 2922 Antequam
471 2857 559 2902 vero
576 2833 649 2904 hoc
668 2836 886 2912 distinctius
903 2865 1117 2937 exponeret,
1143 2873 1227 2943 per·

247 2964 304 3062 git
325 2962 368 3032 in
383 2963 705 3072 demonstratione
729 2995 866 3043 comm.
885 2996 920 3048 2.
940 2976 1112 3076 incepta,
1138 3009 1226 3077 pro·

247 3100 470 3170 missionem
504 3099 548 3169 de
582 3133 790 3180 κωναπανσεν
826 3089 1032 3188 obtinenda
1064 3117 1221 3210 omnino

242 3234 352 3303 etiam
371 3234 416 3304 ad
431 3258 500 3306 nos
518 3255 695 3331 spectare.
742 3246 822 3337 Qua
839 3243 1011 3322 adfinem
1027 3247 1218 3340 perducta,

242 3393 379 3443 comm.
398 3397 433 3470 9.
451 3373 590 3468 repetit
613 3373 740 3446 thesin
758 3401 882 3457 suamr
910 3393 975 3477 ἂρα
996 3388 1216 3462 barlaamo:

240 3515 480 3608 σνββατεσμνς.
531 3515 612 3596 Iam
634 3535 716 3585 non
739 3547 945 3595 κατωπωυσιν
959 3515 1133 3609 adpensa
1149 3521 1215 3592 sed

184 3691 187 3699 ι
238 3653 492 3745 williermum,
542 3646 631 3742 quia
667 3652 789 3722 menti
810 3653 927 3746 ipsius
946 3650 1212 3726 obversabatur

238 3805 439 3872 καταπωυως
455 3788 522 3858 ἔνο
547 3813 613 3860 των
638 3791 751 3887 ἔργων.
802 3791 884 3857 Hoc
906 3810 1118 3864 comm-10.
1139 3790 1213 3861 cla·

236 3910 316 3982 rius
331 3916 534 4011 eloquitur.
587 3923 755 3998 Tandem
772 3945 905 3994 comm.
930 3949 987 3998 11.
1007 3923 1213 4001 dissertati-

236 4047 394 4119 unculae
408 4049 522 4124 finem
545 4054 710 4148 imponit
733 4059 802 4130 hae
828 4057 1106 4139 admonitione:
1134 4068 1208 4135 De·
1249 4151 1255 4162 ·
