2752 4790
590 416 641 460 ΠΧ

135 569 362 650 Grinbocirio
390 565 562 640 exhibito
585 564 696 662 longe
716 570 900 644 recedant.
954 570 1105 648 seder.

126 725 337 803 spectemus
369 703 524 776 noviter
556 716 714 790 reperta.
743 743 794 770 ..-
825 705 987 780 Interim
1016 731 1104 780 con·

125 843 222 918 tenti
248 839 369 917 simus
387 858 526 930 magno
547 831 621 904 illo
645 829 816 924 adparatu
831 841 963 914 critico
976 865 997 914 a
1012 826 1105 914 Mil·

124 977 202 1062 lio,
227 971 437 1077 Bangelio,
466 943 701 1051 WetsteniO,
731 967 977 1062 Grierbachio,
1003 983 1121 1052 Mat.‘

100 1110 278 1192 thano,
318 1101 473 1198 aliisque
492 1097 642 1196 ingenti
664 1097 795 1174 studio
820 1095 899 1174 iam
925 1127 1106 1204 congesto,

129 1237 292 1316 sollicite
315 1211 663 1333 reparemuc'tcstea
690 1233 1002 1332 antiquissimos,
1034 1253 1109 1316 tam

8 1437 10 1440 .
124 1375 269 1450 codices
287 1369 579 1468 manuscriptos,
605 1395 719 1468 quam
737 1373 932 1447 versiones
949 1388 1107 1466 veterae,

122 1531 164 1586 et
191 1510 432 1608 allegationes
458 1505 660 1580 doctorum
688 1504 1045 1598 ecclesiasticorum,
1084 1534 1105 1586 t

120 1647 360 1734 iunioribus,
394 1644 537 1742 hosque
562 1661 676 1718 testes
698 1641 1004 1742 antiquissimos,
1032 1645 1103 1724 aia
1185 1701 1187 1706 -
1234 1669 1237 1679 ·

8 1763 10 1824 ³
122 1809 163 1858 se
190 1782 357 1856 invicem
374 1776 616 1868 dissentiant,
643 1796 728 1852 tum
755 1781 857 1852 inter
879 1805 919 1856 ae
934 1800 1104 1858 accurate

8 1961 10 2016 ς
122 1937 381 2016 comparemus
398 1939 467 2012 pro
490 1911 636 1990 ratione
662 1929 878 2012 temporum
892 1932 929 1989 et
945 1917 1102 2013 provin·

122 2055 287 2139 cirrum,
313 2069 398 2124 tum
417 2049 645 2149 argumentis
661 2053 806 2125 internis
820 2050 991 2148 singulos
1012 2077 1103 2148 pen·
1139 2037 1147 2048 ’

8 2211 10 2260 t
121 2191 281 2262 sitemus
307 2205 347 2260 et
372 2185 631 2260 dijudicemus.
706 2191 825 2284 Quom
854 2183 1038 2262 rationem
1066 2185 1105 2264 ai

121 2341 228 2397 caute
243 2323 413 2400 ineamus
429 2341 542 2422 atque
557 2341 775 2422 argumenta
791 2339 942 2398 externa
960 2321 1102 2421 puriter

120 2485 163 2532 ac
173 2461 320 2537 interna
334 2457 538 2559 diligenter
552 2458 817 2556 ponderemus,
831 2457 875 2528 in
889 2481 1008 2551 quamx
1017 2457 1103 2551 plu·

121 2597 226 2669 rimis
241 2603 291 2671 N.
314 2601 359 2670 T.
383 2597 480 2670 locis
502 2593 604 2666 haud
625 2591 848 2670 difficulter,
886 2585 963 2656 nisi
980 2607 1107 2662 veram
1171 2669 1175 2676 ,

120 2757 164 2804 ac
181 2731 386 2824 genuinam
403 2727 613 2798 lectionem
635 2719 774 2817 ipsum,
800 2717 1032 2818 probabilem
1044 2738 1103 2798 ta·

123 2883 240 2944 naen,
280 2853 507 2955 reliquisque
535 2853 815 2955 praeferendam
845 2879 972 2931 eruere
996 2857 1099 2936 licet.

119 3003 278 3092 Neque,
301 2993 343 3066 in
361 3009 462 3068 tante
479 2993 571 3070 licet
587 3011 624 3072 et
641 2994 750 3092 copia
764 2992 953 3069 rariacum
969 2993 1100 3069 lectio·

122 3157 217 3206 num
242 3143 281 3200 et
302 3123 532 3205 dissensione
557 3133 787 3208 criticorum
814 3127 859 3204 de
881 3151 1045 3204 numero
1061 3149 1103 3204 ee

122 3286 256 3342 mutua
270 3261 420 3338 ratione
444 3265 699 3344 reoenaionum
716 3282 755 3342 et
772 3263 983 3340 editionum
1000 3245 1102 3340 codi-

123 3431 211 3479 cum
226 3401 272 3476 ud
287 3425 325 3474 se
339 3393 521 3484 invicem·
546 3397 812 3500 desperandum
827 3417 883 3478 est
900 3397 945 3476 de
960 3399 1102 3486 consti·
1180 3488 1192 3505 ,

125 3539 266 3614 tuendo
277 3533 526 3634 probabiliter
537 3551 624 3609 vcro
637 3543 797 3614 textuN.
807 3539 1018 3616 T.-Haec
1028 3527 1104 3602 auf-

127 3675 256 3749 ficiant
275 3669 499 3771 praefamini
514 3672 557 3746 in
584 3667 742 3766 primam
764 3671 878 3746 huiut
892 3663 1101 3744 voluminia

23 3873 29 3880 .
127 3811 281 3886 secundi
300 3807 659 3882 commentationem
678 3805 911 3891 ematurat,
926 3799 1099 3900 inprimis

128 3947 162 4020 ei
189 3949 465 4043 coniunguntur
486 3967 571 4022 oum
593 3943 662 4033 iit,
689 3963 784 4041 quoe
809 3943 1014 4042 liqupiur,
1040 3941 1100 4016 vit·

841 4073 861 4140 b
881 4093 900 4145 a
