2752 4790
609 369 655 410 vtt

143 520 262 616 pinis,
289 519 461 592 iuniores
481 532 628 600 autem,
654 520 859 592 maximam
877 520 1031 614 quidem
1045 545 1127 616 par-

142 675 231 740 tem,
267 649 731 745 Constantinopolitanae,
768 654 1006 727 monendum
1027 657 1125 728 mihi

140 791 313 875 videtur,
347 789 389 858 in
412 783 632 857 adornanda
659 783 812 870 historia
836 807 962 864 textus
982 791 1028 862 ed
1050 793 1123 886 pri.

139 949 220 998 mas
237 943 366 994 textus
383 919 506 1012 graeci
534 915 699 1010 origines
727 935 765 986 et
783 924 972 1024 varietatis
996 926 1125 1000 lectio-

142 1081 242 1130 num
270 1075 395 1124 causas
434 1049 660 1145 indagandas
697 1074 779 1124 esse
802 1059 1122 1147 progrediendum.

144 1185 560 1280 Constantinopolitano
599 1185 728 1280 potius
772 1171 931 1258 'videtur
960 1201 1128 1272 recentior

138 1324 255 1400 fuisse
280 1321 406 1396 classis
431 1321 617 1395 Asiaticae
644 1321 877 1396 recensionis
903 1327 1130 1422 antiquioris,

136 1483 231 1556 quae
258 1474 414 1554 cognata
438 1455 642 1530 admodum
666 1454 784 1530 fuerit
809 1483 896 1532 cum
916 1476 1026 1530 textu
1055 1470 1129 1563 Sy.

134 1599 235 1676 ricco
250 1594 435 1668 versionis
450 1591 647 1688 simplicis,
672 1594 846 1689 quamvis
863 1595 953 1674 haec
972 1597 1119 1686 deinde,

133 1730 310 1838 admixtis
324 1729 410 1804 aliis
428 1728 658 1804 lectionibus
674 1753 720 1800 ex
734 1731 938 1804 collatione
955 1729 1120 1806 aliorum

133 1865 307 1942 codicum
323 1865 441 1956 ortis,
468 1890 489 1940 a
509 1864 673 1962 pristina
691 1865 935 1963 simplicitate
951 1869 1114 1941 aberras-

134 2019 202 2076 set.
254 2001 380 2076 Simili
400 2000 501 2074 enim
522 2000 671 2078 ratione
697 2004 1119 2099 Constantinopolitano

137 2137 307 2212 recensio
334 2136 486 2220 recessit
513 2137 558 2208 ab
583 2137 793 2234 antiquiori
815 2137 996 2226 Asiatica,
1024 2162 1121 2210 rece·

130 2273 208 2368 ptis
224 2271 379 2372 quidem
393 2272 622 2348 lectionibus
631 2273 903 2362 Alexandrinis,
923 2299 1037 2370 quam
1047 2280 1119 2350 Ae·

11 2483 14 2500 ,
128 2413 301 2509 gyptiaci
319 2410 463 2484 codices
482 2409 655 2488 abierunt
676 2409 719 2487 in
742 2410 832 2484 dues
851 2411 1001 2498 classes,
1019 2411 1117 2482 anti.
1151 2445 1161 2466 .

129 2545 300 2642 quiorem
316 2561 472 2646 eamque
495 2547 814 2628 Alexandrinam,
830 2542 875 2610 in
890 2563 964 2631 qua
979 2543 1118 2612 multas

128 2681 409 2756 emendationes
435 2679 707 2779 grammaticas
726 2670 797 2744 sibi
820 2653 1037 2768 permisisse
1061 2675 1117 2748 ri-

131 2817 272 2884 dentur
289 2809 456 2898 librarii,
495 2826 533 2882 et
565 2809 795 2884 recentiorem
819 2809 953 2884 multis
971 2810 1115 2882 addita-

130 2945 273 3020 mentis
293 2963 446 3024 suctam.
499 2951 550 3020 Et
573 2945 669 3044 quid
693 2945 872 3044 impedit,
907 2947 1114 3042 quominus

129 3080 388 3158 recensionem
408 3085 683 3172 occidentalem,
719 3107 834 3206 quam
863 3081 1116 3156 Griesbaclu'us

128 3237 252 3308 vocat,
280 3242 326 3290 ex
341 3216 434 3290 Asia
450 3221 597 3310 minori,
622 3220 689 3294 vel
710 3221 887 3304 Graecia,
916 3241 1003 3290 cum
1020 3217 1112 3312 ipsis
1190 3223 1193 3230 '

129 3351 414 3440 additamentis,
449 3348 679 3442 derivemus,
710 3380 792 3436 nou
821 3371 948 3429 autem
973 3377 1020 3430 ex
1040 3355 1111 3424 Ae-

128 3512 268 3594 gypto,
298 3487 361 3562 vel
377 3487 468 3560 adeo
483 3485 734 3566 Alexandria?
758 3529 811 3548 -
837 3490 907 3562 Sed
933 3489 1028 3560 nolo
1050 3485 1110 3556 his

130 3633 201 3704 hoc
217 3625 370 3726 quidem
383 3625 470 3698 loco
489 3621 645 3718 longius
671 3625 884 3711 inmorari,
911 3641 1036 3714 neque
1051 3615 1108 3692 fu·

129 3769 205 3840 sius
234 3765 323 3834 haec
344 3760 534 3856 persequi,
572 3762 674 3855 quod
695 3786 818 3856 neque
844 3755 1025 3850 temporis
1044 3783 1108 3828 ne·

129 3867 200 3994 que
217 3899 294 3974 loci
311 3897 410 3976 ratio
424 3895 626 3991 permittit.
679 3901 812 3988 Longe
839 3891 938 3966 enim
964 3892 1065 3968 abest
1087 3919 1108 3968 a
