2752 4790
713 387 797 429 1:th

273 543 317 610 ba
344 560 382 612 v.
409 563 465 638 19.
486 545 644 635 ῴκαλως
660 566 786 612 notatae
802 567 1041 641 acoemetas,
1065 553 1116 638 οἷς
1129 553 1249 642 tom

272 681 427 769 Φαινοντι
445 682 477 752 ἔν
493 673 661 774 αὖχμηρφ
675 703 790 764 torp,
817 677 879 751 ἕως
896 673 934 746 οὗ
953 678 1056 772 ἣμερα
1072 679 1247 772 inopum.

271 845 327 885 aaa
351 819 535 908 φωςφορος
557 813 712 902 ἂνατειλῃ
741 811 773 882 ἐν
797 837 865 894 ταις
891 813 1038 904 καρδιαις
1060 809 1167 907 ὑμων,
1193 811 1248 886 sic

267 949 479 1043 παραφραζει
504 946 604 1039 (pag.
626 943 743 1032 227.)=
780 991 804 1026 „
816 940 1157 1036 Quemadmodum,
1183 945 1247 1038 qui

268 1078 310 1148 in
329 1077 574 1155 tenebricosis
591 1076 685 1146 locis
700 1073 859 1167 degunt,
887 1075 1103 1148 lucernulae
1121 1079 1248 1151 lumen

268 1215 487 1308 neutiquam
501 1219 694 1302 spernunt,
712 1205 777 1275 aed
792 1179 964 1274 lubentes
979 1233 1020 1278 ac
1033 1211 1248 1284 laetabundi

268 1373 313 1419 eo
336 1347 529 1424 fruuntur,
556 1341 677 1410 donec
705 1337 783 1410 dica
809 1337 1013 1424 illucescat,
1041 1357 1078 1410 et
1099 1344 1247 1429 lucifer,

269 1479 426 1554 orientis
442 1475 535 1544 solia
552 1485 779 1568 praecursor,
802 1472 909 1544 nocti
923 1471 1039 1547 finem
1056 1474 1246 1578 imponat:

266 1616 316 1684 ita
339 1631 578 1705 vossquoque
596 1607 642 1678 ad
656 1606 728 1680 ista
742 1623 874 1680 vatum
894 1611 1070 1696 carmina,
1098 1634 1190 1704 quae
1203 1609 1247 1680 de

203 1751 207 1762 '
265 1747 375 1817 rebus
393 1743 545 1815 ·futuris
570 1761 764 1840 utcunque
792 1769 862 1817 voa
887 1743 1247 1830 commonefaciunt,

266 1881 437 1952 animum
454 1880 640 1952 advertere
659 1879 782 1967 decet,
805 1879 923 1952 donec
951 1905 996 1950 ex
1015 1880 1183 1952 indubiis
1199 1881 1247 1950 si·

265 2017 350 2113 gnis
370 2015 611 2114 intelligatis,
638 2032 887 2110 exspectatam
906 2023 1024 2116 ἧμεραν
1039 2017 1246 2111 praedictae

265 2152 408 2222 dudum
418 2157 753 2251 παρουσιαςΧριστου
764 2149 888 2221 adesse
899 2169 937 2220 et
948 2153 1160 2224 illucescere
1169 2151 1243 2225 iam

264 2289 340 2359 iam
364 2284 548 2379 coepisse,
575 2311 646 2380 qua
671 2288 730 2356 die
751 2303 906 2356 eventus
931 2286 1032 2380 ipse,
1054 2287 1161 2354 velut
1187 2287 1245 2356 sol

264 2421 470 2494 clarissima
487 2422 571 2492 luce
590 2422 716 2492 omnia
734 2423 981 2504 collustrans,
1007 2418 1244 2516 ignorantiae

262 2561 435 2630 tenebras
453 2581 541 2626 cum
555 2555 960 2629 dubitationisnebulis
976 2579 1020 2624 ex
1036 2553 1171 2626 animis
1181 2577 1244 2624 vc-

261 2692 351 2761 atris
367 2691 555 2783 dispellet,
569 2691 771 2765 irrisorum
784 2715 874 2760 vero
884 2689 1081 2784 profanam
1095 2688 1245 2760 temeri·

260 2815 378 2891 tatem
397 2833 611 2916 coarguet.“
627 2863 676 2882 —
702 2835 878 2898 Attamen
892 2823 967 2896 aibi
982 2823 1063 2918 ipsc
1087 2823 1245 2894 dubium

260 2956 381 3027 nectit
398 2955 656 3027 Griesbaclzius
678 2981 725 3025 ex
746 2957 912 3025 formula
932 2967 1124 3055 acapnum
1148 2989 1243 3058 γρα-

259 3103 342 3189 φῃς
359 3093 413 3184 (v.
432 3092 532 3183 200),
567 3113 660 3185 quae
683 3091 817 3184 procul
841 3088 954 3162 dubio
978 3089 1169 3164 referenda
1189 3089 1241 3159 ait

256 3225 307 3293 ad
324 3233 537 3329 προφητικον
554 3231 656 3322 λογον
677 3251 714 3296 V.
738 3251 796 3322 ¹9·
812 3249 883 3296 nec
896 3226 1067 3298 videatur
1091 3224 1137 3292 ad
1149 3249 1238 3332 prc-

256 3362 391 3456 phetas
412 3367 509 3434 Nov.
535 3365 636 3442 Teat,
661 3362 708 3434 ab‘
723 3361 913 3458 Apostolis
937 3359 1104 3434 diversos
1121 3361 1237 3453 perti·

259 3521 367 3586 nere,
395 3497 534 3594 quippe
555 3521 719 3602 quorum
741 3501 875 3594 scripta
895 3517 964 3566 nos
993 3493 1104 3586 plane
1126 3495 1236 3591 igno-

255 3657 396 3714 remus,
415 3640 465 3728 (p.
484 3657 569 3728 231.
587 3639 696 3730 aqq.),
722 3671 774 3696 ι-
799 3638 844 3704 In
857 3646 1012 3734 promtu
1035 3647 1162 3706 tamen
1180 3649 1235 3702 est

265 3769 515 3858 Griesbaclu'o,
559 3771 685 3844 missia
723 3769 836 3841 ctiam
863 3763 978 3842 variis
1008 3766 1235 3838 coniecturis

261 3903 305 3970 ab
318 3927 363 3977 eo
376 3907 551 3997 prolatis,
584 3905 802 4004 responsio,
836 3901 916 3978 aive
940 3902 1030 3974 haec
1044 3902 1235 3996 posterior
