2752 4790
731 433 768 474 tv

265 595 485 666 bachianam
512 589 676 660 breviter
703 582 959 672 adumbravit,
994 585 1148 694 insertis
1165 601 1256 688 proi·

265 730 361 825 priis
379 724 708 801 observationibus
727 746 768 793 ac
783 721 948 796 iudiciis.

342 837 697 958 'Quamvisautem
723 859 838 930 mirae
858 860 1053 958 sagacitati
1082 887 1123 934 ac
1148 864 1272 936 indo·

269 999 370 1072 fesso
391 996 516 1070 labori
537 997 574 1068 b.
607 991 828 1068 Griesboclrii
850 1000 1039 1086 permulta
1060 999 1257 1070 debeamus

271 1153 369 1207 certa
386 1151 423 1203 et
437 1133 661 1204 inconcussa
677 1126 719 1234 in
735 1125 1000 1196 constituenda
1015 1136 1152 1206 rectius
1168 1136 1259 1208 crisi

272 1295 384 1352 sacra,
414 1267 524 1358 plura
540 1277 665 1328 tamen
680 1259 723 1327 in
741 1258 886 1330 theoria
902 1260 1009 1334 illius
1026 1265 1157 1334 critica
1177 1292 1258 1338 ma-

271 1419 364 1476 nent
383 1401 525 1468 incerta
542 1420 583 1466 ac
598 1393 722 1482 dubia,
750 1394 829 1464 imo
847 1391 956 1469 falsa.
1007 1403 1086 1470 Nec
1100 1400 1256 1474 mirum.

272 1537 392 1634 Quam
423 1555 540 1627 pauca
558 1530 666 1601 ,enim
692 1518 895 1625 supersunt
921 1555 972 1606 ex
995 1534 1117 1627 prima
1149 1538 1256 1608 Chri-

272 1673 479 1742 stianorum
505 1665 729 1762 antiquitate
751 1684 1002 1746 monumenta,
1018 1687 1115 1740 certa
1141 1689 1177 1740 et
1197 1671 1266 1743 in·-

270 1801 403 1876 dubia!
443 1802 590 1898 Ubique
617 1801 736 1897 igitur
756 1801 961 1876 incidimus
978 1803 1021 1874 in
1039 1807 1256 1902 antiquissi-

271 1966 331 2014 ma
348 1939 509 2010 historia
526 1937 731 2009 christiana
751 1938 794 2007 in
811 1939 964 2012 lacunas
988 1941 1147 2014 nonnisi
1166 1967 1256 2014 con-

270 2075 425 2147 iecturis
451 2073 665 2169 explendas.
725 2079 856 2170 Itaque
874 2092 911 2143 et
942 2075 1189 2150 Griesbocbius
1212 2078 1254 2148 in

271 2209 500 2284 contexenda
515 2207 674 2281 historia
688 2227 812 2280 textus
828 2180 948 2305 graeci
962 2216 1010 2282 N.
1023 2217 1067 2284 T.
1088 2215 1181 2284 tales
1194 2213 1254 2284 ad-

271 2346 377 2416 misit
414 2345 665 2430 coniecturas,
719 2369 851 2444 easque
882 2344 1113 2425 dubitationi
1146 2348 1254 2420 valde

270 2481 461 2554 obnoxias.
514 2485 593 2550 Hac
611 2479 776 2586 ratione,
805 2497 943 2550 utrem
959 2483 1138 2576 exemplis
1155 2507 1252 2552 non·

268 2618 388 2688 nullis
407 2616 614 2700 illustrem,
652 2615 726 2685 sibi
739 2616 926 2710 persuasit
940 2617 999 2690 vir
1016 2617 1251 2714 ingeniosus,

266 2768 354 2845 post
391 2749 535 2819 editum
568 2758 794 2825 ἂποστολικον
826 2753 889 2843 (h.
921 2775 954 2820 e.
987 2754 1250 2824 collectionem

267 2885 511 2981 epistolarum
527 2881 839 2976 apostolicarum,
866 2884 1046 2977 inprimis
1062 2889 1251 2958 Paullina·

266 3026 386 3112 rum‚)
413 3020 487 3090 duo
505 3016 678 3090 codicum
697 3039 830 3113 genera
847 3041 913 3111 per
932 2985 1113 3092 librarios
1130 3022 1249 3093 fuisse
1307 3071 1314 3086 .

261 3170 485 3251 propagata,
522 3155 684 3225 alterum
706 3177 726 3222 e
748 3153 882 3248 priscis
908 3155 1119 3240 codicibus,
1158 3159 1249 3228 alte-

249 3293 350 3361 ¹rum
366 3313 411 3360 ex
426 3289 593 3362 editione
610 3322 672 3367 του
690 3295 904 3366 interulae:
937 3287 1036 3359 illud
1059 3287 1247 3366 adamasse

262 3425 512 3500 occidentales
530 3425 770 3513 christianos,
798 3427 871 3499 hoc
884 3422 1104 3519 praetulisse
1121 3427 1247 3499 orien—
1265 3410 1270 3419 Ι

261 3565 367 3651 tales,
381 3560 584 3660 'praecipue
603 3561 889 3641 Alexandrinos,
916 3573 1029 3653 atque
1051 3559 1112 3631 hic
1128 3563 1245 3634 latero

258 3693 489 3771 incunabula
506 3697 664 3768 duarum
687 3695 950 3770 recensionum
967 3693 1248 3790 antiquissima-

256 3851 362 3911 rum,
408 3835 681 3910 Alexandrinae
712 3851 751 3905 et
775 3830 1035 3904 Occidentalis.
1063 3869 1125 3890 --·
1158 3837 1244 3903 Ma-

255 3987 375 4070 gnum
398 3981 524 4044 auum
548 3973 703 4046 uniuersi
733 3963 884 4043 habitus
897 3967 1096 4067 utriusque
1113 3993 1240 4065 recen·
