2752 4790
565 395 663 440 xxm!

111 605 151 639 .„
163 575 263 624 curre
276 551 451 630 ,ecclesias
467 543 701 642 apostolicas,
718 550 819 644 opud
831 536 921 648 quas
933 554 1032 649 ipsae
1042 555 1104 628 ad.
1153 615 1159 618 .

126 690 228 774 „huc
240 687 436 760 cathedrae
463 679 734 774 Apostolorum
755 687 831 758 suis
850 687 956 772 locis,
968 691 1103 782 praesi-

124 823 279 908 „dent“
305 858 360 878 -
386 813 470 884 huc'
489 812 692 915 translato,
716 839 825 906 quare
841 821 941 896 deest
957 841 1042 894 tum
1060 822 1103 894 in

122 957 294 1026 editione
312 946 511 1030 Rhenani,
538 963 623 1014 tum
636 943 679 1012 in
698 943 859 1018 editione
871 958 1010 1029 noviss,
1026 963 1100 1028 Ha.
1168 1011 1175 1026 ,

123 1090 239 1156 lensi.
292 1080 447 1152 Etiamsi
465 1078 1103 1178 verohocvocsbulum(ipsae)hoo

126 1221 214 1290 loco
227 1215 434 1312 genuinum
447 1230 554 1298 esset,
569 1229 696 1284 temen
712 1235 796 1284 non
810 1215 932 1311 magis
940 1242 1108 1312 premen-

124 1353 212 1424 dum
240 1350 360 1446 foret,
405 1372 519 1444 quem
550 1347 593 1418 in
621 1348 929 1443 praecedentibus
960 1353 1108 1426 verbis:

19 1585 20 1588 Ἴ
118 1492 220 1584 ipsae
235 1487 357 1560 edhuc
373 1479 861 1578 cathedraeApostolorum.
923 1491 1110 1571 Provocat

117 1646 256 1717 nempe
288 1621 534 1694 Tertullianus
569 1618 615 1688 ad
647 1605 871 1715 exemplaria
909 1621 1104 1700 literarum

118 1757 428 1853 Apostolicorum
462 1755 506 1826 in
535 1753 700 1825 ecclesiis
735 1757 986 1850 Apostolicis,
1004 1775 1102 1834 tom·
1181 1739 1186 1749 ¹

19 1951 20 2008 l
116 1918 234 1990 quam
248 1895 422 1992 genuino,
433 1914 553 1984 quum
567 1891 777 1985 apographa
795 1893 1103 1991 istarnmepisto.

114 2027 245 2100 lerum
269 2027 313 2095 in
340 2026 401 2094 his
425 2025 518 2118 ipsis
545 2025 734 2110 ecclesiis,
772 2026 908 2122 quibus
934 2027 1105 2098 doctrina

19 2189 21 2238 t
116 2154 403 2257 Apostolorum,
430 2159 546 2256 probe
567 2160 720 2262 cognita
743 2177 860 2248 esset,
880 2159 1107 2266 ¹quibusque

18 2269 21 2344 l
112 2298 210 2370 odeo
237 2313 363 2368 mente
398 2295 518 2369 adhuc
543 2295 801 2369 obversaretur
823 2319 900 2370 vox
923 2315 962 2369 et
987 2295 1102 2372 facies

112 2434 405 2528 Apostolorum,
424 2433 621 2530 depravari
638 2436 749 2529 plene
771 2455 855 2502 non
876 2432 1102 2522 potuissent.

18 2565 19 2594 ³
111 2574 248 2666 Itaque
264 2587 389 2640 textus
403 2561 940 2652 cohaerentianon.postulot,
962 2558 1108 2629 authen·
1133 2551 1157 2649 .’
1213 2571 1216 2576 '

111 2707 214 2772 ticos
232 2703 366 2770 literas
380 2701 418 2764 hss
433 2701 464 2766 1.
485 2693 696 2785 significare
717 2691 938 2785 exemplario
954 2717 1104 2792 graeco.

113 2830 246 2902 Nulla
260 2827 361 2896 enirn
378 2841 458 2898 tum
476 2823 613 2900 fuisset
632 2827 747 2916 ratio,
783 2828 886 2925 quod
906 2827 1000 2901 bene
1019 2855 1103 2906 mo·

112 2963 211 3037 imit
246 2959 506 3054 Griesbccbius,
546 2989 611 3038 cur
632 2963 834 3040 Acheloia
868 2966 1103 3041 Tertulliano

114 3099 388 3192 ablegarentur
402 3098 640 3186 Corinthum,
665 3119 709 3172 ut
726 3099 952 3194 exemplaris
966 3125 1104 3201 graeco

116 3230 304 3330 epistolae
320 3226 448 3298 Ps'ulli
462 3228 505 3297 ad
520 3233 738 3305 Corinthios
756 3233 996 3327 inspicerent.
1027 3241 1102 3310 He·

119 3372 338 3440 bueruntne
365 3360 534 3446 Achaici,
558 3387 682 3458 graece
703 3366 920 3461 loquentes,
947 3370 1019 3440 elio
1040 3393 1104 3440 ex·
1179 3353 1183 3368 ⁸

119 3503 251 3598 empla
268 3501 465 3571 literarum
485 3495 801 3592 Apostolicorum,
818 3527 931 3598 quem
948 3497 1104 3597 graece?

120 3635 232 3710 Unde
247 3633 479 3728 colligimus,
516 3631 552 3704 b.
572 3633 844 3720 Bettholdtum,
877 3657 999 3732 quum
1016 3629 1102 3708 hoec

123 3770 313 3852 scriberet,
339 3742 435 3842 hanc
454 3763 676 3843 Griesbochii
689 3768 985 3860 disputationem
1004 3767 1102 3844 haud

122 3903 368 3992 consuluisse,
394 3903 600 3980 necoculis
617 3921 830 3997 usurpasse.
873 3905 1100 4005 ¹quenquam

883 4055 900 4096 c
1035 4041 1044 4054 ,
