2658 4812
266 355 412 504 ΧΧΙΙΪ
441 388 737 494 Deimcsginihus
757 339 888 475 iudeis.
907 409 973 472 etc.
1034 383 1112 494 427

129 550 306 652 absonum,
335 575 529 662 religionem
547 581 741 686 cultumque
757 575 913 642 Numinis
937 597 1006 642 esse
1025 599 1119 662 posse
1180 593 1208 668 Ι·

127 697 250 783 absque
278 696 521 775 sacerdotibus,
566 679 729 784 templis,
749 696 924 768 altaribus,
962 696 1118 777 victimis,

6 811 10 822 '
100 845 105 855 =
128 799 399 894 lustrationibus,
421 802 560 902 aliisqu'e
570 811 681 880 buius
698 813 835 900 generis
844 814 974 889 ritibus,
995 815 1117 902 quibus

128 929 304 1017 religionis
325 937 487 998 summam
517 933 681 1014 contineri
715 933 864 1020 plerique
894 937 1117 1008 autumabant.

128 1051 218 1113 Haec
233 1049 368 1135 opinio,
400 1074 498 1138 quam
515 1053 593 1116 iude
610 1075 628 1116 a
648 1051 769 1117 teneris
789 1052 1009 1144 imbiberant,
1041 1063 1121 1118 cum'

45 1145 48 1158 Ι
127 1168 282 1232 radicitus
301 1192 340 1234 ex
363 1168 509 1260 ipsorism
532 1172 648 1236 animis
673 1171 768 1236 evelli
799 1171 976 1254 confertim
1006 1171 1121 1257 nequi·

26 1309 40 1328 ⁸
130 1303 199 1360 ret,
232 1267 292 1352 n'e'c
314 1288 467 1354 homines
496 1311 649 1388 σαρκικοι
673 1289 708 1352 in
740 1311 991 1375 vituperemus
1019 1305 1123 1352 trans·

110 1405 266 1501 ¹lorruari
295 1411 433 1492 possent
471 1407 536 1473 nisi
573 1409 734 1495 gradatim
772 1421 804 1472 et
834 1410 935 1470 multa
973 1406 1121 1473 adbibita

129 1524 301 1628 cautione,
339 1524 627 1611 ingeniosissimus
638 1518 812 1611 epistolae
844 1543 959 1590 ructor
989 1525 1119 1612 egregio

130 1663 207 1704 usus
229 1659 275 1706 est
298 1643 454 1720 artificio,
490 1663 527 1708 ut
557 1643 767 1708 christianam
796 1643 1007 1730 religionem,
1039 1665 1123 1730 quoe

39 1847 43 1854 ι
129 1773 198 1820 tota
219 1777 432 1847 cssupocutp
449 1776 496 1824 est
520 1765 697 1847 Deumque
720 1759 936 1852 itt-nosupcrt
954 1785 1010 1826 και
1032 1761 1123 1850 ἄλη·

6 1871 18 1894 ‘
90 1944 95 1958 ,
129 1883 210 1962 &sip
231 1883 337 1940 colere
359 1855 475 1946 docet.=
497 1859 614 1944 veliis
636 1880 752 1952 etism.
783 1879 906 1970 quibus
928 1894 1043 1964 parum
1067 1895 1122 1942 ant

131 1991 216 2054 nibil
245 1993 609 2082 iusseri-'rrssupnross
641 1998 905 2072 commendaret,
938 2014 969 2060 et
1000 1999 1058 2063 bos
1081 1998 1121 2060 ati

18 2109 23 2118 ’
111 2117 246 2174 'veram
282 2091 386 2182 buius
426 2108 595 2194 religionis
637 2105 888 2204 intelligentiam
920 2115 1122 2197 pedetentim
1203 2131 1208 2140 ·

134 2229 319 2292 adduceret.
363 2231 489 2312 Nempe
518 2227 616 2289 rebus
645 2225 833 2292 christiania
862 2227 1027 2294 iudaic'a
1016 2253 1122 2317 ampo·

134 2347 201 2410 soit
231 2347 382 2418 nomina.
413 2345 614 2431 libraeisquc
636 2345 719 2415 suis.
750 2363 822 2418 ross
846 2367 929 2411 πασι
950 2369 1123 2432 γενομενος

63 2515 69 2540 ,
133 2488 178 2532 cc
204 2488 337 2544 neven,
366 2468 559 2550 persuadere
590 2459 739 2536 studuit,
773 2462 978 2528 Christianos
1018 2487 1123 2552 aeque

75 2609 78 2616 ¹
133 2605 171 2648 ec
188 2585 326 2648 Iudaeos
342 2587 460 2648 babere
478 2585 692 2654 sacerdotem,
715 2584 888 2666 templum,
912 2581 1123 2682 sacrificium,

134 2704 330 2790 etreliqua,
354 2725 436 2788 quae
458 2701 580 2766 Ebraei
600 2699 840 2800 desiderarent,
869 2701 989 2772 omnia.
1034 2687 1124 2768 Cum
1157 2769 1162 2778 ,

134 2843 213 2886 vero
235 2821 457 2908 praevideret,
490 2825 633 2884 Ebraeos
665 2817 759 2882 l'acile
781 2841 850 2886 esse
883 2809 1124 2888 animadversu-

133 2961 208 3017 ros,
241 2938 302 3003 ista
324 2939 434 3002 omnia
465 2959 532 3018 non
555 2938 617 3004 nisi
649 2937 829 3023 improprie
861 2939 1013 3024 religioni
1040 2939 1125 3006 cbri-

133 3059 257 3123 stianae
279 3080 371 3145 posse
397 3055 548 3130 attribui,
587 3057 873 3142 indicatumque,
904 3059 1022 3145 ingens
1053 3079 1124 3123 csse

6 3263 8 3270 Ι
136 3175 230 3242 inter
258 3199 425 3243 summurn
466 3180 664 3242 ludaeorum
695 3175 885 3262 pontificem
923 3195 956 3240 et
993 3193 1123 3274 nostrae
1160 3183 1165 3192 “

6 3317 36 3362 2
137 3294 252 3360 salutis
282 3295 552 3377 instauratorem,
591 3295 776 3374 cirninum
806 3294 1006 3369 discrimen,
1036 3316 1124 3360 com·

136 3414 236 3478 mode
258 3415 485 3500 sapienterque
514 3435 592 3478 usus
621 3429 668 3477 cst
697 3411 816 3500 partim
848 3412 1006 3498 opinione
1035 3416 1123 3500 apud

139 3533 279 3598 Iudaeos
310 3551 390 3597 tunc
413 3537 623 3618 pervulgata,
653 3536 749 3598 rebus
771 3535 993 3612 terrestribus,
1016 3531 1122 3596 nomi·

138 3651 242 3716 rtatim
268 3649 504 3734 Hierosolymis
527 3669 558 3712 et
580 3653 715 3736 templo,
737 3652 934 3738 respondere
955 3655 1032 3716 aliar
1055 3669 1126 3714 cue·

137 3773 233 3836 lestes
254 3787 285 3833 et
313 3769 576 3838 excellentiores.
607 3792 747 3858 quarum
770 3771 845 3860 illae
873 3775 1010 3838 umbrae
1032 3770 1118 3842 sintt

141 3894 235 3994 (capr
250 3893 334 3954 v111.
366 3907 396 3958 2·
419 3889 449 3966 ε’.
480 3889 534 3950 ΙΧ.
566 3909 614 3956 rr.
642 3906 694 3968 23·
725 3910 776 3976 24·
805 3892 881 3954 th.
910 3895 976 3962 22.)
1006 3886 1124 3969 partim

55 4031 59 4040 ·
141 4006 311 4076 uidendis
334 4006 461 4074 Veteris
482 4007 684 4076 Testamenti
701 4007 860 4084 oraculis,
881 4005 915 4068 iu
938 3997 1063 4096 quibua
1079 4023 1132 4072 aa·¹

1239 352 1248 382 Ι
