2722 4806
8 365 12 470 i

532 405 659 450 Lxxttm

106 554 198 625 duas
213 555 277 624 has
297 554 499 649 opiniones
518 575 629 645 supra
643 555 803 633 breviter
822 573 1010 664 expositas
1033 579 1080 648 si.

8 701 10 710 ”
105 688 215 785 bique
230 690 400 761 invicem
416 713 436 756 e
453 685 637 757 diametro
654 698 837 786 oppositas
862 703 1082 784 duumviro·
1116 746 1124 764 ·

102 849 189 894 rum
206 823 550 906 celeberrimorum,
578 823 792 900 Griesboelrii
805 853 841 905 et
856 840 1080 932 Eichlromir}

99 957 280 1028 virorum
298 953 607 1024 doctissimorum
627 953 680 1025 ita
698 969 902 1039 exercuisse
917 955 1078 1072 ingenis,

102 1107 151 1158 ut
172 1090 218 1157 in
235 1087 337 1160 varia
355 1084 511 1182 quisque
526 1090 803 1166 sententiarum
830 1099 992 1178 divortia
1009 1114 1083 1186 abi-

104 1239 211 1306 rent,
239 1221 445 1316 validisque
469 1225 701 1317 argumentis
725 1231 978 1334 undecunque
1001 1267 1087 1318 con·

104 1355 253 1450 quisitis
291 1379 398 1428 suam
429 1357 591 1452 quisque
624 1365 850 1438 sententiam
891 1371 1087 1453 suffulcire

97 1490 303 1562 studerent.
356 1495 572 1564 Occurrunt
585 1493 686 1566 enim
700 1497 813 1572 nobis
830 1504 875 1574 in
890 1489 965 1582 hoc
985 1538 1083 1590 csm·

95 1649 145 1720 po
163 1623 240 1700 viri
254 1627 379 1700 nostri
394 1629 577 1722 temporis
588 1629 798 1706 doctissimi
806 1656 843 1710 et
852 1645 1083 1727 acutissimi:
1128 1638 1130 1642 ‚

95 1761 308 1846 Michaelis,
337 1764 561 1880 Haenlimrs,¹
600 1767 804 1858 Marshius,
845 1777 993 1876 Anglus
1025 1785 1075 1859 is.

94 1919 287 1992 quenunc
306 1897 535 1992 Episcopus,
565 1902 724 1990 Paulus,
751 1913 920 2008 Hegias,
951 1925 1076 2020 Voge.

8 2033 9 2038 ’
93 2033 189 2114 lius,
219 2031 456 2117 Schmidtius,
490 2033 699 2132 Zieglerus,
735 2027 943 2127 Schfitiius,
975 2057 1078 2126 Bere.

94 2163 265 2254 lividius,
303 2169 490 2252 Grattius,
538 2171 752 2260 Gieselems,
793 2173 951 2272 aliique,
978 2205 1078 2278 quo.
1169 2227 1171 2232 ,

92 2323 181 2371 rum
197 2317 322 2373 autem
340 2301 508 2399 singulas
531 2306 737 2380 sententias
758 2305 983 2410 libellosque
1005 2321 1074 2396 hac

8 2421 10 2434 .
93 2435 139 2506 de
162 2437 384 2533 rescriptos
405 2463 614 2528 recensere,
655 2467 741 2516 non·
765 2463 821 2512 est
845 2447 960 2517 huius
987 2452 1075 2560 loci.

92 2571 166 2666 Qui
185 2575 296 2665 plura
317 2573 386 2644 hac
410 2574 454 2642 de
480 2575 597 2666 gravi
611 2561 842 2646 criticorum
862 2593 1080 2654 controver-

90 2703 149 2772 sia
165 2729 280 2774 nosse
303 2703 432 2794 cupit,
459 2701 566 2770 adeat
582 2702 875 2837 vel‘breviorem
891 2714 1077 2795 variarum

92 2833 373 2908 sententiarum
388 2835 630 2911 recensumin
650 2841 835 2914 chiaoelii
847 2869 1073 2930 commenta·

91 2937 155 3041 rio
171 2967 217 3040 in
232 2947 406 3065 Evangel.
426 2973 628 3066 Matthaei,
651 2979 827 3077 -Prolegg.
848 3009 886 3080 p.
907 2989 973 3061 XI.
990 3015 1071 3088 sqq.

94 3101 168 3202 (ed.
187 3125 223 3195 3.
248 3107 394 3195 1523·),
428 3127 488 3180 aut
509 3110 553 3183 in
579 3115 730 3214 Vogelii
754 3125 1074 3199 commentatione

95 3240 188 3309 iiber
205 3237 267 3308 die
288 3237 527 3338 Entstehung
549 3245 612 3320 der
640 3249 735 3342 drey
757 3270 881 3326 ersten
902 3261 1072 3360 Evange-

95 3373 174 3444 lien
201 3373 275 3466 (im
298 3375 458 3454 Journal
482 3373 544 3446 fiir
564 3387 796 3460 suserlasene
817 3389 1073 3492 theologische

97 3509 287 3581 Literstur
300 3515 343 3582 B.
373 3535 406 3585 1.
424 3514 479 3582 St.
505 3513 567 3601 1.),
585 3519 646 3586 vel
666 3520 919 3614 copiosiorem
940 3531 1075 3598 harum

100 3645 373 3716 sententiarum
394 3645 684 3743 inquisitionem
699 3657 743 3727 in
759 3657 969 3730 Eichlrornii
984 3661 1077 3731 Ein-
1100 3647 1121 3672 “’

100 3773 246 3877 leitung
281 3781 324 3852 in
356 3780 419 3853 das
448 3789 497 3855 N.
527 3789 572 3856 T.
591 3787 674 3858 Vol.
699 3795 728 3860 1.
753 3807 818 3861 aut
843 3792 888 3862 in
903 3793 1074 3870 Herberti

103 3911 234 3987 Marsa
255 3915 514 4021 Abhsndlung
534 3921 628 3998 iiber
649 3921 712 3996 die
734 3925 974 4030 Entstehung
995 3935 1071 4008 und

819 4056 838 4122 f
853 4077 872 4132 2
