2684 4798
280 347 355 428 304
433 299 888 406 aristomenem
908 327 1090 414 tutatus.
1194 343 1198 355 ’

278 521 333 580 vel
349 515 410 577 itae
425 529 534 577 nostra
551 527 653 577 aetate
667 513 712 578 ita
726 505 856 578 tractari
876 517 995 593 solent.
1017 533 1055 582 ut
1071 540 1132 584 non
1145 525 1264 590 ratum

227 682 228 691 ,
276 605 399 699 rubrosi
417 629 596 696 adversarii
608 633 697 718 quod
712 635 948 717 reprehendant
959 633 1107 700 invenire
1121 661 1261 722 queant,

277 756 335 822 seti
353 749 378 814 ii
396 750 512 823 etiam,
535 749 657 836 quibus
679 751 719 814 de
736 749 871 814 veritate
896 750 987 818 illius
1012 757 1165 842 dogmatis
1180 779 1257 841 per.

179 883 182 892 ’
274 889 409 940 suasum
425 881 491 946 est,
513 868 704 933 ulteriorem
721 869 994 949 declarationem,
1016 895 1102 959 quae
1124 895 1253 963 σαψ·

256 998 260 1007 '
277 995 457 1056 insomnes
477 985 613 1058 eximat.
635 1002 703 1048 non
721 1002 871 1071 exoptare
888 1009 957 1054 non
975 992 1114 1076 possint.

360 1105 568 1192 Argumentis
611 1103 798 1177 nonnullis,
829 1120 867 1168 ut
895 1109 943 1174 vab
980 1109 1044 1173 i'too
1079 1111 1255 1195 ordiamur,

277 1239 418 1292 ntnntut
441 1221 506 1286 viti
537 1223 626 1286 tincti
654 1205 705 1284 ad*
720 1221 935 1288 evincendam
963 1227 1125 1293 librorum
1150 1233 1189 1294 N.
1213 1235 1253 1295 Τ.

275 1339 547 1431 theopnetrstiattt.
571 1361 654 1424 quae
671 1339 839 1404 notionem
856 1339 1082 1426 inspirationis
1096 1364 1255 1432 oconpant
1279 1323 1284 1336 Ι

275 1469 315 1537 ab
341 1483 399 1538 eat,
420 1459 476 1528 sai
506 1473 616 1526 tanen
642 1457 854 1523 stabiliendae
881 1461 1042 1534 inservire
1069 1479 1252 1544 censentur,

273 1607 340 1650 uon
367 1591 492 1672 parurn·
523 1574 686 1639 diversam
715 1575 871 1664 iustoque
883 1580 1067 1673 ..latioremt
1098 1581 1253 1670 equibus

274 1705 376 1778 adeo,
405 1695 432 1760 si
464 1707 647 1768 accuratam
672 1693 836 1782 iustisque
863 1694 1016 1760 limitibus
1043 1697 1252 1768 circumseri·

271 1835 361 1908 ptam
378 1811 601 1899 inspirationis
620 1807 805 1878 finitionem
824 1810 957 1877 retinete
973 1811 1065 1894 veiis,
1088 1823 1145 1880 vix
1157 1823 1249 1905 quid·

270 1959 371 2026 quam
393 1928 480 1998 effi'ei
504 1931 610 2018 'posse
643 1930 788 1996 videtur.
840 1930 1006 1996 Nimtr'um
1041 1937 1247 2024 distinguunt

269 2050 434 2138 Theologi
460 2047 649 2132 subtiliores
675 2052 952 2138 abeopnenat'sam.
975 2055 1093 2140 quain
1110 2058 1245 2120 conscri-

267 2173 384 2239 bendis
398 2169 489 2234 libris
508 2167 606 2235 saeris
622 2165 725 2255 gavisi
746 2185 823 2234 sunt
840 2187 1006 2244 auctores.
1037 2179 1077 2236 ab
1093 2195 1129 2236 ea
1146 2177 1247 2259 spiri·

268 2309 323 2360 tut
341 2295 373 2357 S.
393 2289 595 2380 operatione,
619 2312 718 2376 quam
738 2289 942 2354 memorabili
959 2290 1016 2358 itte
1035 2293 1247 2358 Pentecostes

267 2413 323 2476 die
339 2407 465 2498 experti
485 2418 566 2474 'aunt
583 2406 749 2493 Apostoii;
773 2427 837 2494 qua
853 2403 1004 2474 eflectum
1025 2408 1107 2483 fuit.
1125 2425 1164 2472 nt
1182 2411 1250 2475 viri
1265 2451 1273 2470 .

268 2528 369 2596 sancti
389 2527 555 2592 doctrinae
573 2527 720 2592 coelestis
737 2547 899 2592 rammam
927 2543 996 2592 tunt
1022 2531 1130 2592 tntaito
1145 2551 1247 2614 qnam

266 2666 358 2712 antea
378 2647 507 2733 plenius
531 2667 568 2706 at:
585 2636 730 2729 penitius
751 2663 999 2728 cognoscerent,
1022 2662 1092 2715 tum
1112 2647 1154 2708 sd
1174 2669 1247 2712 eant

253 2761 704 2847 'tradendamrmiraeutisque
719 2764 974 2830 oonfirmandnn
999 2759 1110 2826 idonei
1135 2769 1247 2832 redde·

262 2901 384 2948 rentur.
427 2881 533 2964 Atque
551 2881 717 2965 proiecto,
735 2880 804 2946 nisi
823 2887 998 2947 verborum
1030 2882 1249 2968 ambignitate

262 2995 480 3063 dubitationes
509 3013 541 3060 et
566 2996 770 3062 difficultates
792 3019 910 3086 augere
937 2999 1092 3070 velimus.
1122 2997 1246 3066 discet·

259 3135 336 3178 nere
350 3111 403 3173 iila
427 3112 513 3175 inter
535 3133 567 3176 se
585 3113 715 3176 solicite
742 3117 909 3182 debetnua.
952 3117 1082 3182 Effusio
1101 3119 1247 3204 Spiritus

148 3231 150 3240 ’
256 3233 291 3296 8.
307 3230 468 3317 uttoqnasi
485 3251 555 3293 eota
571 3231 763 3296 miraculoso
778 3235 1017 3308 absolvebatur.
1040 3259 1246 3324 quamquam

175 3384 180 3399 ι
259 3347 390 3414 effectus
405 3351 476 3414 eius
495 3351 726 3434 perdurarenta
750 3353 878 3416 afflatas
895 3375 972 3416 vero
1000 3354 1158 3428 divinus.¹
1181 3353 1245 3443 qni

257 3468 507 3551 tbeopneustiae
528 3474 662 3530 nomine
674 3467 876 3554 insignitur,
896 3471 1025 3564 paepius
1049 3477 1252 3559 repetitisque

141 3579 165 3652 ᾖ
210 3625 212 3632 1
258 3585 384 3650 ticibua
408 3585 573 3668 Apostolis
599 3584 727 3672 obtigit.
772 3589 829 3650 Ilia
860 3590 1025 3673 spectabat
1049 3594 1090 3654 ad
1120 3591 1250 3656 doctri·

255 3725 331 3771 nam
356 3699 567 3768 christianam
592 3707 778 3778 universnm
801 3705 912 3769 hinad
929 3727 982 3771 eas
1003 3707 1152 3772 veritatis
1169 3731 1249 3774 ene·

210 3867 213 3880 .
253 3821 342 3893 isatis
359 3839 482 3909 partes,
505 3837 588 3904 quae
602 3835 691 3884 eerto
713 3827 855 3907 quodam
881 3841 1025 3910 ternpore
1043 3841 1076 3887 et
1089 3827 1168 3890 ioco
1186 3850 1248 3890 ex·

250 3944 424 4028 ponendae
437 3951 536 4008 eraut.
579 3939 638 4004 ltta
660 3939 844 4026 pertinebat
870 3942 913 4008 ad
926 3939 1033 4030 ipsun
1060 3943 1248 4029 reiigionia
