2752 4790
698 370 792 414 Lxxn

257 559 365 613 ortas,
382 544 426 598 ut
443 525 628 620 scriptura
639 523 764 619 aliqua
775 519 943 617 profecta
959 525 1008 596 sit
1021 526 1234 603 avirisssro-

261 691 455 746 avarorum
483 660 547 733 sed
572 656 764 732 accesserit
790 681 937 730 necesse
960 683 1036 731 esse
1052 659 1098 732 ad
1114 661 1238 754 ipsam

263 798 507 891 scriptionem
521 793 677 868 adflatus
695 792 830 888 aliquis
848 792 1238 889 divinus-Quoties

262 933 400 1028 igitur,
428 949 554 1006 censet
584 927 851 1012 Griesbochius,
884 932 939 1022 (p.
965 933 1066 1023 311'.)
1088 929 1241 1001 institu-

264 1067 319 1138 tio
343 1067 524 1152 Domini,
567 1055 638 1158 qira
664 1061 759 1131 olim
786 1060 847 1128 usi
871 1059 1024 1132 fuerant
1050 1064 1238 1159 Apostoli,

263 1204 327 1273 vcl
352 1203 516 1296 insignia
545 1192 774 1288 cognitionis
810 1212 1026 1285 augmenta,
1054 1221 1148 1290 quae
1173 1198 1243 1268 illo

266 1321 502 1406 Pentecostes
519 1329 577 1397 die
593 1342 833 1411 accesserant,
860 1326 924 1397 vel
935 1327 1028 1398 seria
1046 1329 1244 1403 meditatio

214 1462 219 1474 ’
263 1436 456 1548 virorum,
484 1486 646 1558 quorum
668 1461 856 1530 naturales
879 1459 1027 1554 ingenii
1040 1458 1137 1536 vir’es
1164 1465 1245 1558 Spi-

267 1603 362 1670 ritits
378 1603 533 1668 Sanctus
553 1595 795 1666 roboraverat
815 1611 853 1664 et
870 1615 1040 1685 auxerat,
1076 1598 1140 1668 vel
1158 1623 1245 1694 pro·

267 1732 435 1804 videntia
456 1701 639 1802 Numinis
659 1729 845 1804 ordinaria
872 1731 1046 1805 cavendis
1062 1733 1245 1830 lapsibus,

232 1937 233 1940 ,
267 1868 333 1963 qui
367 1867 489 1939 caveri
527 1865 723 1952 debebant,
764 1891 846 1938 non
879 1861 1109 1956 sufficerent,
1152 1869 1249 1943 theo·

266 2006 491 2100 pneustiam,
518 2003 602 2073 siva'
627 2001 789 2096 Spiritus
808 2005 935 2074 Sancti
958 2004 1145 2076 auxilium
1171 2013 1251 2106 dpa-
1310 2067 1315 2074 .

268 2137 595 2221 conscribentibus
621 2137 848 2210 succurrisse
868 2138 1015 2210 credere
1032 2138 1088 2211 fas
1105 2159 1172 2214 est.
1199 2178 1251 2196 -·

268 2271 412 2344 Reiecit
426 2269 546 2366 igitur
564 2271 624 2343 vir
645 2272 886 2345 acutissimus
906 2292 1079 2346 veterum
1102 2275 1251 2346 theolo-
1316 2259 1318 2264 ,

269 2407 725 2505 gorum·tbeopneustiam
736 2403 992 2496 universalem,'
1012 2432 1167 2505 eamque
1185 2433 1252 2503 per

197 2599 198 2602 ,
271 2567 403 2617 omnes
424 2523 770 2637 scripturas'sacras
798 2541 993 2629 diffusam
1028 2561 1139 2640 atque
1163 2543 1255 2612 reti-

271 2682 359 2749 nuit
378 2677 491 2748 modo
511 2679 818 2772 theopneustiam
841 2677 1044 2750 admodum
1058 2680 1255 2776 particola-

271 2837 359 2895 rem,
386 2811 572 2904 arctisque
589 2811 643 2882 ita
656 2812 978 2906 circumscriptam
991 2811 1193 2901 limitibus,
1211 2831 1255 2882 ut

272 2945 343 3017 vix
365 2941 516 3051 deliniri
538 2943 681 3038 possit,
717 2945 808 3040 quid
823 2944 937 3024 sacris
957 2944 1001 3015 in
1023 2945 1161 3034 literis,
1196 2947 1255 3018 in·

274 3061 417 3176 primss
425 3085 474 3150 N.
498 3084 541 3150 T.
570 3077 745 3173 propriae
767 3077 857 3148 huic
885 3081 1169 3177 theopneustiae
1185 3081 1255 3148 tri-

273 3182 468 3286 tuendam
496 3213 568 3300 sit3
609 3213 651 3283 id
674 3213 777 3312 quod
800 3215 1031 3288 luculentius
1046 3213 1195 3306 adparet
1209 3239 1254 3285 ex

273 3350 484 3447 prolixiore
511 3349 720 3422 sententiae
751 3349 1055 3444 criesbachianae
1076 3347 1121 3417 de
1147 3365 1254 3422 aucta
1327 3345 1334 3358 '

164 3552 168 3558 .
277 3487 549 3582 Apostolorum
562 3485 782 3584 cognitione
804 3513 931 3560 rerum
960 3481 1178 3556 divinarum
1188 3509 1254 3558 ex·
1303 3537 1308 3544 -

274 3623 474 3716 positione,
501 3622 544 3694 in
563 3625 748 3719 particula
765 3639 897 3722 quarta
913 3619 1011 3716 (pag.
1032 3639 1116 3712 328.
1140 3623 1252 3717 sqq.).

273 3761 393 3850 Quam
427 3759 625 3833 arctiorem
659 3754 945 3855 theopneustiae
983 3755 1185 3826 notionem
1219 3758 1251 3826 si

173 3877 178 3888 ’
273 3895 499 3968 concesseris
531 3893 780 3978 Griesbachio,
823 3888 1000 3961 concedas
1032 3889 1166 3960 Eidem
1188 3913 1252 3959 ne·
