2722 4806
303 400 544 497 epistolarum
563 398 803 474 Poulinnrum
817 424 897 478 sect.
915 409 946 477 1.
1096 429 1120 505 9

139 583 325 670 simuntque
342 582 527 652 vinculum,
554 602 619 667 quo
645 582 738 644 crisie
756 605 832 646 cum
856 583 1121 671 interpretatione

38 771 46 782 ,
136 701 320 766 litterarum
346 720 534 772 sacrarum,
565 700 713 784 adeoque
738 719 814 765 cum
840 703 915 787 ipso
937 701 1122 788 theologiae

136 817 313 882 universae
335 833 435 904 atque
450 813 619 900 roligionis
642 820 801 880 revelatae
821 820 1033 884 fundamento
1049 839 1125 887 ooo·

89 989 93 1000 .
138 933 254 1001 iuncta
272 949 343 1008 est,
366 929 533 1034 cognitam
549 933 647 995 hahet
667 947 767 1018 atque
782 952 988 1020 perspectam.
1075 932 1091 976 Ὗ

232 1175 260 1252 §·
284 1189 314 1238 2.
359 1169 639 1256 Complecteretur
671 1161 762 1236 enim
794 1165 931 1238 historia
959 1155 1126 1238 sacritex·

142 1301 214 1358 tus.
237 1309 322 1374 quae
344 1289 499 1353 omnibus
522 1287 658 1354 omnino
683 1279 832 1356 nomeris
857 1294 1007 1356 absoluta
1034 1305 1126 1365 esset,

140 1421 319 1471 accuratam
354 1407 486 1492 fideque
522 1406 655 1494 dignam
685 1407 941 1474 delineationem
974 1405 1127 1474 omniunt

137 1539 244 1589 textus
260 1529 342 1588 sacri
358 1524 502 1589 satorum
521 1527 797 1604 memorabilium,
819 1526 866 1592 ita
883 1509 1127 1606 concinnatam,

132 1658 172 1706 tat
189 1646 273 1708 clare
296 1659 329 1707 et
346 1658 438 1710 certo
457 1667 496 1710 ea
515 1664 552 1708 ea
569 1641 709 1731 perspici
726 1663 852 1732 posset,
877 1667 1039 1734 quaenam
1056 1645 1127 1708 fua·

133 1759 179 1844 iit
197 1767 314 1848 quouis
337 1765 471 1838 seculo,
491 1757 574 1827 inde
596 1766 638 1828 ab
665 1767 888 1849 apostolorum
914 1746 1062 1853 tempore
1079 1745 1122 1827 ad

132 1857 279 1944 nostram
296 1901 404 1966 unque
419 1895 579 1954 aetatem,
599 1881 636 1944 in
653 1880 831 1948 maioribus
857 1899 924 1946 tam
942 1881 1120 1950 occidentis
1187 1957 1193 1978 Ι
1217 1903 1223 1912 ·

24 1973 26 1998 r

135 2017 239 2083 quant
265 1998 397 2061 orientia
422 1996 622 2082 provinciis,
646 1999 751 2084 graeci
769 2015 879 2064 textus
903 2001 1020 2071 iacies,
1049 1999 1123 2082 qui·
1166 2027 1170 2034 ·

67 2188 71 2202 ⁵
136 2116 247 2180 busre
272 2117 436 2214 obnoxius
458 2115 824 2182 lueritmutaticnibus.
866 2117 937 2212 Nec
953 2117 1058 2178 sotum
1076 2112 1126 2175 vi·

133 2231 351 2299 cissitudines
375 2233 463 2322 ipsas
487 2238 530 2300 ob
554 2238 669 2300 oculos
699 2249 853 2322 poneret,
885 2253 999 2298 verum
1026 2225 1126 2296 ctiam

133 2351 314 2417 earundem
348 2351 517 2434 au'ctores,
541 2353 672 2432 causas,
699 2354 839 2420 modurn
865 2369 963 2438 atque
992 2347 1125 2416 enectos
1167 2424 1171 2430 ,

132 2488 317 2548 enarrarem
340 2475 473 2538 codices
502 2493 617 2538 ornnes
643 2495 682 2537 ac
696 2470 867 2556 versiones
884 2470 920 2530 in
938 2487 1014 2534 suas
1033 2465 1125 2530 fami·
1165 2515 1168 2534 ,

67 2669 70 2674 ¹
131 2589 194 2652 h'as
232 2590 448 2676 dispesceretr
479 2569 710 2652 recensionuni
744 2572 942 2663 numerum,
973 2579 1126 2668 origines,

135 2721 299 2776 aetatem,
336 2705 499 2787 patriam,
528 2705 707 2777 ambitum,
738 2701 945 2782 discrimina,
984 2699 1128 2780 criteria,
1230 2733 1233 2740 .

139 2836 251 2884 novas
266 2817 504 2902 recognitiones
527 2835 624 2908 atquc
640 2819 894 2908 permixtionem
915 2789 1128 2910 repraisenta·
1152 2897 1156 2904 ι

137 2954 212 3011 rct3
236 2935 519 3010 adaestimandum
537 2963 653 3006 rerum
668 2941 865 3007 recensionis
884 2939 1126 3028 cniusipuepre·
1167 2931 1177 2950 ”

137 3055 231 3119 tium
248 3075 308 3118 nos
328 3053 515 3136 deducerem
535 3081 590 3140 ac,
611 3079 741 3151 praeter
754 3062 1056 3149 palaeographiam‚
1079 3055 1148 3120 di..

137 3175 381 3274 risionumquc
400 3189 433 3236 et
446 3176 749 3264 interpunctionem
770 3179 960 3254 historiam,
982 3178 1125 3262 comple·

137 3312 286 3364 staretur
312 3311 449 3382 qnoque
479 3295 741 3386 chronologiam,
775 3273 1125 3387 genealogiam'atque

141 3411 380 3503 geographiam
396 3409 552 3476 criticam.
572 3416 766 3504 Telirigittrr
782 3391 949 3494 historiae,
969 3416 1060 3478 hisce
1070 3403 1143 3474 do·'

137 3535 233 3598 tibus
242 3533 432 3608 instructae,
456 3527 631 3594 utilitatem
646 3554 820 3610 sommam,
841 3503 1012 3598 aeminenti
1026 3529 1129 3590 indu·

144 3655 238 3716 biam
248 3665 443 3716 vocaturum
462 3669 532 3714 esse
549 3645 712 3728 existimo,
733 3651 836 3738 quiea
854 3673 938 3738 qnae
956 3651 998 3712 tle
1015 3641 1128 3708 fructi*

144 3769 295 3836 husitide
311 3767 489 3855 sperandis,
512 3769 576 3834 hoc
596 3785 655 3842 est,
679 3768 719 3830 de
736 3769 800 3831 line
815 3791 916 3858 quem
935 3765 972 3828 in
992 3776 1127 3826 tractan-

147 3885 191 3948 do
213 3891 275 3952 hoe
296 3900 492 3974 argumento
517 3883 614 3952 nobie
640 3889 894 3972 proposuimus,
916 3879 1058 3949 breviter
1080 3883 1126 3956 dt.

146 4001 232 4071 stari
243 4004 307 4072 iam
325 4027 453 4084 sarnus,
476 4005 563 4076 serio
582 4027 693 4082 mcum
712 4015 868 4092 'reputare
885 3999 991 4072 velit..

1021 4151 1027 4180 l
