2752 4790
536 398 613 438 Lxrx

85 551 225 642 spicuis
238 552 299 622 hic
310 549 518 631 immorari,
536 547 752 642 abiegamua
763 554 887 644 potius
905 556 1063 626 lectores

21 667 23 742 ᾗ
81 684 122 752 ad
141 687 333 781 egregiam
358 685 456 754 hanc
482 684 837 756 commentationem
861 687 981 778 ipsam
1005 709 1067 779 pc·

78 818 198 890 nitius
218 813 532 912 cognoscendam.

20 1049 21 1052 Ἴ
187 945 475 1022 Commentatio
496 947 636 1016 decimo
654 945 846 1036 '(Xv11-
858 959 955 1024 XXI.
981 981 1061 1052 pag.

20 1059 21 1098 i
78 1107 162 1176 233
183 1121 235 1138 -·
257 1081 362 1172 357.)
378 1079 541 1154 continet
563 1079 739 1174 quinque
762 1081 961 1174 particulas
986 1092 1064 1156 stri-

20 1261 22 1310 ;
76 1237 284 1288 cturarum
296 1214 337 1282 in
355 1215 480 1283 locum
499 1215 543 1286 de
557 1212 809 1310 tlzeopneustia
824 1215 1000 1287 librorum
1017 1244 1072 1289 sa·

20 1349 21 1388 ³
79 1361 259 1432 crorum,'
294 1367 459 1445 1784-
482 1367 541 1440 83.
606 1351 718 1418 Ienae
739 1350 973 1423 celebrandis
992 1353 1069 1423 sol-

78 1483 274 1558 lemnibus
307 1483 623 1578 pentecostalibus
661 1484 829 1578 scriptae.
858 1523 910 1541 -
943 1489 1069 1582 Argu-

78 1639 258 1692 mentum
273 1621 348 1690 hoc
362 1619 616 1714 dogmaticum
633 1619 744 1715 idque
757 1622 871 1717 longe
889 1619 1063 1692 difficilli-

74 1783 209 1843 mum,
237 1757 383 1841 multo,
410 1779 523 1849 quam
547 1771 674 1839 antea,
711 1758 917 1827 accuratius
934 1775 972 1828 et
991 1758 1061 1826 cir-

76 1873 334 1986 cumspectius
370 1889 414 1960 ab
452 1890 615 1961 Auctore
650 1890 889 1962 celeberrimo
928 1894 968 1962 in
1002 1895 1060 1966 his
1163 1917 1174 1936 =

18 2025 19 2028 '
77 2023 273 2100 strict‘uris
294 2041 493 2095 tractatum
509 2024 639 2110 fuisse,
667 2040 746 2094 tam
764 2027 887 2116 ampla
902 2025 985 2094 Viri
999 2026 1064 2092 do·

80 2161 236 2232 ctrinae
254 2157 362 2252 copia
377 2175 414 2230 et
430 2158 578 2256 insigne
595 2157 745 2255 ingenii
762 2179 919 2228 acumen
937 2180 1065 2252 exspe-

77 2317 180 2370 ctare
196 2294 400 2379 noejubec
423 2320 533 2392 quam
550 2295 733 2368 attentior
748 2294 862 2368 huius
874 2318 1063 2364 commen-

80 2429 240 2504 tationis
273 2431 389 2505 lcctio
420 2456 491 2505 nos
517 2431 610 2533 satis
634 2429 825 2512 edocebit3
862 2427 978 2498 modo
1012 2445 1065 2494 at-

17 2553 19 2586 ’
77 2567 279 2638 tendamus
299 2586 386 2640 tum
411 2567 616 2656 temporie,
644 2589 721 2657 quo
740 2559 882 2648 scripta
909 2555 978 2622 illa
1006 2553 1067 2640 sit,

77 2702 295 2781 rationem,
346 2715 434 2764 tum
467 2691 699 2762 moderatius
737 2687 820 2760 Viri
859 2687 1066 2784 ingenium,

79 2833 206 2924 idque
229 2826 274 2896 ad
295 2825 568 2919 componendas
594 2825 682 2898 lites
714 2849 825 2924 quam
848 2825 893 2894 ad
917 2849 974 2897 eas
1002 2850 1063 2896 ex-

83 2961 260 3039 citandas
286 2961 494 3044 et'ulcndaa
519 2960 692 3060 pronius.
756 2967 834 3034 Nec
864 2961 976 3034 hodie
1001 2963 1060 3031 de-

84 3103 236 3176 futuros
268 3115 430 3189 auguror
458 3103 686 3192 permultos,
728 3097 795 3196 qui
837 3097 880 3168 in
912 3095 1061 3190 placitis

85 3227 387 3308 Griesbachianis
406 3229 618 3326 subsistere,
655 3259 769 3332 quem
790 3233 952 3306 ulterius
973 3257 1060 3328 pro·
1082 3227 1086 3244 '

87 3371 191 3467 gredi
207 3366 354 3438 malint.
382 3400 434 3422 ·-
461 3368 507 3434 In
521 3375 636 3460 prima
646 3371 759 3442 huius
778 3369 1062 3440 commentatio-

89 3507 148 3579 nis
174 3503 358 3602 particula
384 3499 532 3571 Auctor
556 3501 633 3596 ipae
659 3505 888 3600 antiquiores
917 3501 1063 3572 theolo-

91 3665 154 3736 gos
191 3641 403 3718 multorum
426 3635 552 3733 arguit
577 3636 763 3717 vitiortuu
781 3640 822 3708 in
849 3631 1062 3709 adornanda
1120 3673 1158 3702 ,ι

93 3773 155 3844 hac
184 3775 228 3846 de
263 3773 527 3868 theopneustia
549 3771 719 3844 doctrina
752 3737 1059 3850 commissorum

96 3912 315 3984 recentiores
341 3929 469 3984 contra
489 3909 618 3998 laudat
636 3897 878 4003 dogmaticos,
897 3901 962 4000 qui
977 3921 1063 4000 post
