2722 4806
11 329 17 618 l

566 384 645 430 XCII!

128 563 174 609 su
198 543 227 610 1.
256 543 294 612 C.
323 538 366 610 in
390 539 516 610 coelos
530 559 612 606 non
636 536 862 633 deprehendi
876 543 917 616 in
932 545 1099 644 Evange-

11 705 12 712 ¹
124 674 191 746 liis
202 675 443 744 Matthaei'et
453 670 607 741 Ioannis
619 671 931 770 (Apostolorum),
950 681 1014 752 sed
1023 707 1100 756 mo-

121 809 173 878 do
189 811 234 879 in
253 805 536 880 commentariis
554 807 679 876 Marci
706 826 743 876 et
766 819 888 884 Lucae
902 816 986 909 (qui
1001 817 1102 912 Apo.

124 944 220 1015 stoli
247 966 323 1010 non
349 939 548 1030 fuissent);
582 956 695 1034 atque
721 941 765 1011 in
787 945 844 1015 his
875 951 1104 1026 authentiam

124 1077 357 1145 ultimorum
372 1072 568 1167 Evangelii
583 1078 712 1146 Marci
728 1097 958 1151 commatum
981 1086 1102 1160 admo.

128 1207 221 1280 dum
241 1232 319 1280 esse
337 1225 558 1302 suspectam,
585 1225 629 1277 ut
643 1210 736 1290 adeo
753 1227 834 1282 tote
850 1215 895 1284 de
911 1211 1105 1292 hoc'evena

11 1425 13 1438 ὓ
128 1359 173 1414 tu
196 1341 360 1414 mirabili
389 1341 558 1413 narratio
594 1345 678 1414 solo
707 1345 854 1418 nitatur
882 1352 1104 1426 testimonio

120 1483 261 1560 Lucae,
278 1493 359 1548 tum
374 1475 418 1546 in
430 1477 651 1573 Evangelio,
680 1504 757 1574 cap.
771 1485 905 1572 XXIV,
926 1505 1002 1576 51„
1025 1508 1106 1562 turn

118 1612 161 1682 in
184 1611 290 1683 Actis
305 1611 479 1706 Apostol.
498 1636 575 1707 cap.
593 1617 630 1698 1,
658 1639 815 1712 9-11,
865 1622 998 1694 sedin
1017 1649 1103 1696 nar-

122 1747 280 1818 ratione·
296 1750 441 1843 Evang.
466 1751 554 1844 (24,
591 1751 670 1842 51.)
693 1749 775 1845 ipsa
797 1747 926 1830 verba:
955 1793 1013 1836 και
1031 1771 1100 1840 rive·

11 1913 12 1982 f
120 1889 244 1979 φερετο
261 1889 309 1963 als
325 1912 382 1956 rev
406 1881 563 1982 οὗρανον,
592 1897 650 1952 etz
683 1916 963 1988 προσκυνησαντες
981 1895 1098 1988 αὐτον,

11 1983 13 2022 ³
121 2015 235 2082 valde
249 2031 339 2084 sunt
352 2013 477 2102 dubia,
496 2033 541 2085 ut
554 2015 659 2088 solus
671 2017 791 2107 locus,
817 1998 899 2093 Act.
911 2031 942 2112 1,
952 2053 1033 2122 9-
1043 2055 1059 2104 1
1070 2059 1099 2106 1,

122 2164 316 2218 remaneat
338 2146 384 2217 ad
411 2147 707 2238 confirmandam
728 2153 827 2223 hanc
848 2179 928 2226 rem
950 2160 1100 2234 mirabi-

117 2283 211 2355 lem.
237 2287 320 2354 Imo
336 2281 381 2352 de
392 2282 559 2378 ipsohoc
576 2287 664 2359 loco
682 2287 794 2360 unico
811 2290 987 2366 dubitant
1003 2323 1099 2372 non-

118 2419 221 2488 nulli
236 2437 391 2515 propter
407 2431 739 2494 commemoratam
751 2429 975 2518 angelorum
994 2432 1100 2525 adpa-

119 2551 311 2626 ritionem.
375 2561 479 2648 Quae
504 2580 626 2647 quum
649 2557 703 2624 ita
729 2556 828 2638 sint,
863 2579 996 2648 operae
1022 2587 1103 2657 pre·

118 2686 224 2753 tium
245 2709 283 2753 se
301 2685 495 2753 facturum
518 2683 755 2755 existimavit
783 2689 1040 2788 criesbrcttus,
1069 2702 1103 2772 si

124 2837 177 2884 ex
206 2811 382 2885 omnibus
411 2819 459 2886 N.
487 2821 530 2888 T.
557 2817 667 2892 libris
690 2843 730 2892 ea
755 2825 900 2916 omnia,
937 2855 1029 2928 quae
1053 2835 1100 2908 ad

122 2949 244 3020 illum
264 2949 467 3026 Servatoris
477 2953 684 3028 discessum
697 2957 738 3028 in
754 2961 900 3036 coelum
919 2969 998 3040 ullo
1017 2999 1098 3045 mo·

120 3083 173 3154 do
197 3097 365 3176 spectare
385 3086 575 3182 ridenmr,
621 3094 817 3191 colligeret
838 3115 876 3168 et
897 3099 941 3172 in
966 3105 1100 3182 classes

123 3218 334 3290 nonnullas
361 3215 414 3287 ita
441 3219 676 3317 dispesceret,
723 3247 767 3300 ut
790 3252 924 3306 cuncta
946 3235 1097 3316 facilius

12 3353 13 3360 ’
123 3376 203 3424 uno
219 3351 358 3426 mentis
376 3351 517 3424 obtutu
527 3363 743 3452 perlustrari
757 3386 923 3459 possent.
948 3409 1002 3430 -
1017 3377 1098 3444 Pri·

122 3512 189 3560 mo
211 3489 297 3560 loco
324 3490 399 3562 huc
427 3487 545 3561 refert
566 3515 748 3568 sermones
772 3501 912 3576 Christi
936 3505 979 3576 in
998 3479 1099 3576 Mat·

124 3622 248 3709 thaei,
291 3623 413 3696 Marci
444 3643 481 3696 et
509 3632 634 3698 Lucae
654 3637 930 3709 commentariis
950 3637 1096 3711 obvios.

126 3759 174 3828 lu
193 3757 252 3828 his
276 3758 426 3853 quidem
450 3761 561 3856 plura
584 3763 668 3832 loca
694 3787 915 3854 occurrunt,
944 3775 1097 3864 quaeda

129 3887 251 3962 reditu
271 3893 412 3967 Christi
432 3913 544 3993 atque
558 3895 731 3992 *imperio
752 3900 795 3970 in
819 3901 1010 3981 ecclesiam
1028 3910 1096 3984 hu.

11 4089 13 4096 .
130 4020 258 4120 iusque
272 4027 437 4103 beatiore
457 4034 677 4108 conditione
702 4053 838 4132 agunt,
866 4040 927 4113 sed
941 4047 1092 4122 nullum

11 4111 14 4200 l
