2752 4790
726 399 808 448 Lttvt

279 591 392 655 strae,
421 547 645 640 recentiores
669 544 716 637 N.
737 565 780 630 T.
807 555 1027 654 interpretes
1045 539 1158 657 iunge
1174 562 1259 657 plus

278 702 505 802 praestitisse
526 702 567 772 in
586 695 807 794 exponenda
825 711 862 765 et
878 695 1099 766 illustranda
1118 687 1188 768 hac
1202 699 1260 768 hi-

279 841 392 913 storia
412 857 448 908 et
463 838 592 932 paucis
607 821 757 931 quide'm
777 829 960 925 plagulis,
988 855 1101 926 quam
1115 851 1259 932 veteres

278 975 320 1045 in
346 992 404 1044 tot
429 945 585 1067 operum
609 973 767 1064 suorum
784 965 1068 1054 voluminibus,
1103 969 1173 1042 etsi
1197 993 1261 1064 per

278 1111 485 1181 recentiora
514 1107 627 1177 etiam
651 1099 774 1174 studia
800 1099 974 1171 nondum
991 1127 1051 1174 res
1074 1107 1197 1178 omnis
1218 1103 1262 1174 ad
1326 1167 1329 1174 .

276 1246 486 1342 liquidum,
514 1209 573 1308 uti
590 1236 712 1318 decet,
740 1229 790 1302 sit
810 1231 999 1323 perducta.
1028 1271 1080 1288 -

378 1369 649 1447 commentatio
680 1381 813 1437 octava
834 1367 930 1459 (XV.
947 1389 985 1458 p.
1005 1387 1078 1459 257
1096 1407 1146 1424 -
1165 1357 1261 1464 ⁶8),

244 1497 248 1505 ⁸
279 1513 407 1584 eodem
422 1529 521 1576 anno
541 1525 646 1594 1780.
665 1497 711 1568 ad
731 1495 873 1570 festum
899 1506 1154 1604 pentecostale
1171 1529 1262 1576 con.

277 1645 426 1737 scripta,
454 1639 531 1735 agit
545 1637 589 1708 de
604 1637 743 1732 Spiritu
760 1637 850 1720 Dei,
880 1659 951 1731 quo
968 1635 1102 1728 abluti,
1130 1622 1263 1712 soncti-

268 1776 381 1881 ficutr‘
403 1793 438 1874 et
462 1766 652 1873 iustificati
682 1773 852 1843 dicuntur
887 1771 1081 1855 Corinthii,
1126 1799 1157 1850 1.
1175 1782 1259 1846 Cor.

274 1917 338 1998 vt,
370 1935 424 1984 11.
452 1945 503 1962 -
528 1911 646 1978 Verus
662 1905 865 1976 huiusloci
890 1901 1021 1978 sensus
1050 1931 1095 1978 ex
1123 1909 1263 1981 oratio-

181 2036 184 2044 *
276 2070 325 2136 ne
349 2059 525 2116 contexta
541 2059 578 2111 et
596 2061 667 2114 usu
690 2029 873 2135 loquendi
895 2043 1070 2114 Paullino
1087 2021 1259 2115 lirculen-

275 2199 333 2253 ter
358 2179 448 2250 adeo
474 2177 643 2270 adparet,
688 2193 731 2247 ut
751 2175 951 2264 miremur,
985 2203 1066 2248 non
1087 2177 1152 2248 diu
1175 2197 1261 2250 ante

274 2309 549 2386 -Grr'esbcchr'um
566 2309 610 2378 ab
627 2307 896 2406 interpretibus
908 2334 1041 2386 verum
1059 2312 1161 2381 hunc
1176 2333 1260 2382 ver·
1367 2395 1368 2402 ἵ

224 2530 226 2540 ¹
273 2445 411 2517 borum
428 2469 578 2517 sensum
595 2441 712 2517 fuisse
728 2464 929 2540 repertum.
955 2463 1006 2502 ³-
1030 2449 1118 2516 Duo
1138 2447 1257 2540 potis·
1367 2453 1368 2458 ’

276 2583 416 2652 simum
427 2597 517 2654 sunt
532 2581 566 2652 h.
585 2581 612 2652 l.
630 2581 864 2675 explicanda:
892 2581 1072 2676 primurn,
1100 2581 1193 2676 quid
1208 2583 1260 2653 sit
1367 2629 1368 2674 5

274 2713 395 2800 ablui,
429 2711 653 2812 sanctificari
678 2733 716 2785 et
751 2711 967 2816 iustificari3
999 2715 1133 2785 deinde
1169 2741 1261 2811 quo-

274 2869 364 2915 nam
380 2867 491 2914 sensu
508 2847 729 2917 Christianis
752 2849 841 2918 haec
859 2847 1039 2922 beneficia
1056 2851 1259 2948 contigisse

214 3042 217 3048 .
274 2977 541 3073 perhibeantur
556 2981 592 3048 iu
606 2983 750 3051 nomine
764 2985 1008 3080 Dominilesu
1024 3005 1059 3056 et
1073 3014 1138 3083 per
1146 2991 1258 3080 Spiri·
1298 3067 1303 3078 .

276 3131 355 3184 eum
374 3116 446 3186 Det'
462 3117 587 3189 nostri.
639 3113 708 3184 Sed
724 3113 767 3184 in
781 3115 974 3191 solvendis
996 3121 1056 3192 his
1073 3117 1256 3212 quaestio-

274 3245 387 3319 nibus
399 3247 500 3318 nihil
517 3213 747 3344 praestitisse
761 3251 994 3348 antiquiores
1010 3251 1179 3320 doctores
1197 3275 1253 3322 ec-

274 3383 520 3470 clesiasticos,
546 3393 689 3456 Auctor
715 3386 822 3459 docet
841 3413 880 3479 p.
899 3399 982 3478 257.
1007 3406 1060 3476 sq.
1113 3387 1253 3457 Recen-

273 3519 387 3589 tiorcs
415 3535 539 3590 autem
563 3520 782 3616 interpretes
810 3526 896 3616 post
922 3533 1117 3612 repurgata
1139 3541 1251 3606 sacra,

273 3679 435 3746 quorum
469 3655 681 3762 sententiae
704 3657 904 3752 diligenter
941 3651 1118 3722 collectae
1149 3655 1253 3724 exhi-

273 3785 409 3858 bentur
424 3815 460 3883 p.
478 3807 548 3886 259
559 3827 608 3842 -
625 3792 697 3882 63„
724 3792 766 3861 in
778 3783 896 3884 part'es
913 3785 1051 3858 abeunt
1067 3791 1177 3882 plane
1198 3789 1252 3858 di-

273 3928 418 4006 versam
445 3925 511 3996 alii
530 3923 630 3997 enim
650 3927 740 4011 tria,
774 3921 839 3994 alii
860 3921 936 3995 duo
958 3921 1155 4010 beneficia,
1184 3925 1249 3993 alii
