2722 4806
572 367 633 412 XCV

114 530 231 626 igitur
244 528 351 599 locos
372 541 505 596 omnes
522 541 542 590 e
557 523 657 591 Nov.
674 499 773 593 Test.
783 521 890 594 libris
907 523 1083 594 consutos
1150 494 1151 500 ἵ

11 643 12 708 3
113 665 145 738 si
165 663 335 736 studiose
351 659 452 730 inter
468 679 508 728 se
525 677 799 746 comparamus,
829 674 930 728 recte
946 659 1087 753 colligit

118 795 370 872 Griesbucirius
393 787 446 884 (p.
475 784 745 884 484·)›,f³⁰ss⁰
768 790 1090 885 deprehendimus,
1116 803 1126 901 ι’

111 931 340 1006 historicam
354 925 398 992 de
408 929 493 992 Iesu
509 922 551 990 in
567 921 716 991 coelum
731 921 905 994 adscensu
915 931 1090 1000 narratio·

113 1091 207 1135 nem
228 1077 328 1132 certo
344 1082 424 1130 non
449 1055 606 1150 reperiri
629 1055 708 1126 nisi
731 1057 831 1150 apud
847 1063 1005 1146 Lucam3
1031 1067 1092 1134 sed

116 1194 388 1292 praedictiones
414 1193 501 1263 Iesu
521 1189 643 1284 ipsius
673 1190 717 1260 de
736 1190 861 1263 reditu
883 1217 954 1264 suo
971 1197 1016 1264 ad
1033 1203 1096 1266 Pa-

117 1350 213 1402 trem
228 1329 443 1414 coelestem,
472 1342 511 1395 et
525 1325 628 1395 Petri
642 1315 840 1422 Paullique
859 1330 1094 1416 assertiones,
1143 1429 1146 1440 1

11 1511 12 1516 1
114 1473 266 1554 „Iesum
290 1481 379 1558 post
403 1461 716 1534 resurrectionem
741 1463 861 1534 morti
883 1439 1115 1538 obnoxium

110 1601 211 1674 haud
233 1597 373 1684 fuisse,
406 1595 697 1690 sedesepulcro
723 1597 881 1670 rediisse
902 1600 944 1671 in
974 1603 1093 1676 vitam
1135 1695 1140 1702 .

111 1755 307 1807 aeternum
322 1734 563 1820 duraturam,
597 1733 828 1828 eundemque
846 1757 892 1804 ex
905 1737 973 1808 hac
991 1755 1089 1809 terra

78 1897 81 1975 j
110 1871 330 1968 profectum
347 1869 424 1941 es'se
440 1867 482 1937 in
497 1868 646 1938 coelum
671 1866 817 1962 ibique,
853 1893 996 1943 summa
1014 1877 1093 1970 glo·

113 2007 173 2076 ria
191 2003 503 2094 condecoraturn,
529 2001 575 2072 ad
590 2001 707 2074 Patris
721 2003 891 2074 dextram
909 2009 1094 2078 consedis-

11 2209 14 2236 ,
103 2165 158 2231 ,se
171 2149 215 2226 ⁴⁴,
242 2137 338 2208 bene
359 2137 560 2212 convenire
575 2161 662 2210 cum
679 2143 805 2207 Lucae
820 2134 1036 2210 narratione
1052 2141 1096 2210 de

114 2273 258 2350 Christi
280 2273 363 2348 vivi
390 2291 500 2369 raptu
528 2275 571 2344 in
599 2274 759 2346 coelum.
813 2279 944 2370 Neque
969 2293 1095 2348 tamen

112 2411 310 2509 Apostoli,
337 2411 462 2509 pergit
486 2409 751 2496 Griesbachius,
777 2409 976 2481 historicas
993 2410 1097 2482 illius

114 2557 319 2644 ἂναληψεως
353 2546 655 2618 circumstantias
689 2538 927 2611 auditoribus
954 2533 1018 2610 vel
1047 2543 1125 2612 le··

11 2751 13 2772 ,
113 2681 287 2748 cruribus
325 2677 403 2748 suis
437 2672 645 2744 studiosius
681 2669 871 2742 inculcare
899 2698 1101 2748 consueve-

11 2779 12 2810 ³
50 2859 66 2876 ..
116 2825 227 2890 rant;
252 2804 294 2873 id
309 2805 436 2899 potius
451 2804 582 2878 sedulo
599 2829 704 2904 agere
718 2805 899 2895 solebant,
927 2829 970 2882 ut
987 2811 1098 2887 dis'ci·

11 2919 13 3000 i
112 2941 223 3042 pulis
241 2943 510 3034 persuaderent,
530 2945 725 3018 Christum
743 2931 976 3018 obedientiae
993 2973 1098 3044 prae*

11 3159 13 3164 ,
113 3077 194 3154 mie
214 3089 421 3170 reportasse
430 3079 542 3176 longe
556 3081 734 3164 maxima,
762 3105 983 3178 summaque
998 3086 1097 3180 apud

118 3220 249 3286 Deum
270 3207 352 3280 frui
374 3206 570 3300 felicitate,
605 3217 805 3287 dominum
827 3239 913 3287 eum
934 3241 1012 3290 esse
1026 3223 1095 3293 ho-

11 3355 13 3438 ῗ
120 3347 287 3431 minum,
307 3344 369 3440 pie
385 3342 431 3416 ab
451 3341 500 3413 iis
517 3347 722 3436 colendum,
750 3351 924 3424 ecclesiae
940 3378 1026 3425 suae
1040 3377 1099 3424 ca·

11 3469 13 3528 ἶ
119 3499 194 3580 put
210 3480 453 3576 eiusdemque
472 3495 671 3573 rectorem,
707 3479 960 3579 spiritualium
980 3461 1108 3556 bono-¹

122 3641 211 3688 rum
226 3615 448 3712 largitorem
464 3613 871 3704 munificentissimum,
893 3620 1100 3714 cultorum-

11 3807 12 3812 ,
80 3765 83 3774 “
126 3771 198 3844 que
215 3775 371 3824 suorum
390 3749 489 3848 apud
507 3756 656 3822 Patrem
677 3771 879 3844 patronum
903 3749 1100 3848 indulgen·
1197 3791 1199 3804 ·

125 3881 316 3960 tissimum
339 3903 451 3982 atque
475 3886 638 3958 iudicem
655 3885 819 3981 praemia
844 3883 923 3954 suis
948 3885 1099 3960 cutori-

11 3985 13 4080 i
124 4015 196 4090 bus
218 4021 313 4092 olim
337 4023 551 4096 iustissime
567 4019 871 4092 distributurum.
899 4059 948 4078 -
972 4029 1015 4096 112
1032 4025 1097 4111 Iris,
