2722 4806
701 387 811 432 Lxxxtt

283 533 353 617 rit.
378 581 428 604 ι-
453 525 534 616 Nec¹
545 538 777 614 diffitendum
794 555 861 626 est,
879 563 963 612 ven.
987 543 1257 616 Griesbachium

282 683 325 752 in
342 677 554 753 exornanda
570 661 638 748 hac
652 671 856 770 hypothesi
875 693 978 747 tanto
1001 703 1114 750 usum
1138 678 1255 752 fuisse

283 817 429 914 ingenii
441 815 621 887 acumine
641 805 821 906 tantaque
844 811 980 882 mentis
999 814 1187 900 sollertia,
1213 831 1257 882 ut

281 953 422 1026 mirum
446 953 558 1058 plane
582 973 664 1020 non
690 945 759 1034 sit,
788 946 966 1058 inprimis
991 948 1023 1019 si
1041 947 1255 1020 conferatur

282 1086 458 1182 synopsis
479 1085 595 1155 trium
619 1080 951 1174 Euangelioruma
973 1083 1203 1156 Griesbachio
1218 1083 1258 1152 in

192 1225 197 1229 ’
281 1224 384 1293 hunc
412 1221 525 1289 etiam
553 1235 664 1286 usum
695 1211 895 1297 adornata,
927 1194 998 1284 ¹tot
1021 1217 1116 1288 viris
1142 1219 1260 1290 doctis

281 1355 442 1428 maxime
460 1349 627 1421 arrisisse
652 1348 749 1416 hanc
767 1343 843 1414 viri
864 1345 1092 1420 sententiam
1115 1350 1261 1446 ingeni·
1359 1427 1360 1442 2

195 1560 197 1568 ,
283 1490 348 1562 os‘e
362 1488 451 1556 adeo
472 1481 675 1576 etcopiose
694 1477 739 1548 ab
769 1483 825 1548 Eo
849 1477 1053 1552 defensam.
1105 1484 1156 1553 At
1174 1510 1261 1557 vero

281 1619 533 1702 Eichhorniru,
559 1615 619 1687 vir
631 1613 905 1710 sagacissimus,
922 1613 964 1684 in
981 1615 1078 1688 libro
1093 1617 1263 1715 egregio:

281 1754 503 1848 Einleitung
522 1751 565 1820 in
580 1749 642 1820 das
656 1755 762 1820 Neue
777 1756 994 1822 Testament
1010 1751 1127 1847 (Lips.
1152 1773 1259 1849 1304.

279 1887 377 1984 sqq.)
397 1889 483 1968 Vol.
511 1893 542 1958 Ι.
566 1885 743 1981 inprimis
767 1894 798 1971 §.
826 1907 886 1984 93.
912 1910 966 1982 sq.
996 1888 1091 1958 hanc
1115 1889 1261 1994 opinio-

280 2048 370 2098 nem
394 2041 473 2094 tam
498 2021 618 2094 firmis
652 2039 689 2092 et
720 2022 862 2117 argutis
892 2021 1134 2120 impugnavit
1157 2047 1262 2120 argu-

204 2164 210 2174 “
281 2159 441 2244 mentis,
485 2175 529 2226 ut
569 2155 718 2228 felicius
749 2157 873 2228 multo
900 2159 997 2230 hanc
1028 2159 1259 2254 hypothesin

281 2285 604 2364 Griesbachianam
624 2294 778 2388 eiusque
803 2312 1020 2387 argumenta
1048 2292 1259 2387 infregisse,

279 2451 392 2524 quern
406 2449 510 2498 suam
527 2425 647 2520 ipsius
670 2425 898 2497 sententiam
919 2426 1176 2498 corroborasse
1192 2450 1260 2496 no·
1292 2487 1296 2498 .

283 2561 341 2636 bis
368 2563 552 2634 videatur.
615 2559 685 2632 Sed
715 2578 893 2632 nostrum
919 2577 1098 2648 nonest,
1140 2576 1262 2631 tantas

284 2720 511 2790 componere
525 2696 624 2782 lites,
650 2717 720 2765 nec
750 2694 849 2787 capit
874 2693 1116 2786 praeseminis
1140 2693 1264 2766 nostri

280 2827 445 2900 tenuitas
472 2828 694 2921 ampliorem
716 2845 828 2923 atque
848 2832 1115 2902 accuratiorem
1130 2833 1262 2902 harum
1358 2849 1360 2868 ⁴

283 2957 546 3042 difficultatum
561 2961 853 3059 indagationem.
887 2964 1030 3034 Incidit
1043 2966 1144 3038 enim
1155 2991 1263 3061 quae-

282 3097 359 3170 stio
372 3095 505 3168 multis
519 3093 704 3198 implicita
726 3097 861 3184 nodis,
896 3117 1028 3170 utrum
1047 3101 1172 3193 priora
1188 3097 1261 3167 tria

280 3229 485 3327 Evangelia
501 3231 857 3320 matthat-Marci
877 3253 914 3307 et
929 3242 1071 3314 Lucae,
1099 3251 1192 3324 quae
1214 3230 1263 3300 ad

282 3365 442 3441 verbum
455 3365 670 3460 saepissime
687 3391 814 3439 secum
828 3369 988 3440 invicem
1001 3361 1259 3452 consentiunt,

284 3523 330 3572 ex
347 3501 541 3572 communi
557 3501 686 3598 aliquo
704 3496 825 3590 fonte,
860 3521 956 3572 etex
972 3497 1156 3592 quonam,
1183 3523 1262 3570 ma-

281 3635 476 3722 naverint3
503 3659 551 3706 en
569 3641 762 3712 communi
780 3635 982 3710 verborum
1004 3655 1077 3703 usu
1098 3656 1119 3701 a
1142 3655 1180 3701 se
1200 3633 1261 3702 in-

281 3771 406 3844 vicem
422 3770 671 3866 dependeant,
698 3793 735 3846 et
756 3771 908 3868 quinam
932 3767 974 3836 hi
994 3768 1092 3852 sint,
1120 3764 1188 3860 qui
1206 3767 1260 3837 al·

282 3917 364 3976 tero
389 3908 450 3980 usi
481 3906 654 4010 fuerint?
685 3947 738 3970 -
769 3912 891 4002 Quare
915 3927 997 3978 non
1024 3901 1164 3975 mirum
1189 3919 1258 3988 est,
