2722 4806
660 371 806 416 uxxxvm

248 554 355 604 mana
379 527 497 627 quieti
520 524 667 601 divinae
687 523 836 609 simitu,
862 540 991 598 utrum
1021 529 1127 624 quies
1149 531 1222 604 Dei

247 671 393 765 proprie
409 665 460 740 sit
480 659 737 757 intelligenda,
759 682 807 728 an
814 651 977 756 felicitas
996 664 1065 734 hac
1083 665 1220 760 quietis
1324 705 1329 722 a

249 803 320 874 Dei
334 799 498 896 imagine
513 790 778 870 adumbreturt
803 796 863 864 Ex
875 793 943 865 hac
953 799 1064 870 'vocis
1082 799 1220 894 dilogia

215 915 219 931 Ι
248 936 370 1011 variae
394 935 484 1006 huic
509 933 705 1030 pericopae
736 903 942 1002 nectuntur
972 929 1220 1006 difficultates.
1329 1007 1330 1010 ,

248 1071 422 1166 Plerique
450 1069 602 1167 quidem
637 1065 858 1156 interpretes
875 1064 971 1156 (vid.
1002 1089 1088 1163 pag.
1122 1071 1222 1164 461.)

249 1201 432 1298 felicitatis
459 1202 658 1276 notionem
690 1195 758 1264 hac
796 1195 933 1292 quietis
967 1199 1027 1269 dei
1061 1203 1224 1298 imagine

250 1361 460 1439 expressam
477 1355 557 1406 esse
583 1328 818 1413 existimant5
856 1329 921 1400 sed
946 1331 1055 1401 aliter
1076 1335 1224 1406 videtur

254 1471 504 1554 Griesbochio,
537 1489 657 1562 quum
673 1480 803 1533 auctor
818 1463 996 1557 epistolae
1019 1491 1152 1564 urgere
1169 1469 1223 1542 vi·
1332 1462 1338 1473 ’

251 1611 380 1679 deatur
397 1632 605 1680 aoaaaaoow
621 1613 703 1676 aare
731 1606 814 1675 tao
840 1631 921 1676 atos
948 1609 1091 1700 ἔργων,
1118 1627 1222 1698 quae,

252 1763 369 1836 quum
393 1729 592 1808 manifeste
608 1749 750 1828 spectet
766 1733 813 1804 ad
831 1738 921 1806 Gen.
941 1739 999 1821 ΙΙ,
1034 1759 1068 1812 2.
1089 1760 1142 1830 3,,
1166 1734 1223 1837 fe.

249 1877 421 1944 licitatem
441 1869 652 1966 significare
667 1887 850 1965 nequeat,
884 1871 971 1965 quia
993 1872 1120 1943 omnia
1138 1871 1222 1960 ista,

250 2033 342 2104 quae
367 2009 548 2103 leguntur
578 2004 667 2076 inde
695 2029 716 2074 a
746 2005 877 2099 capitis
897 2008 1023 2102 quarti
1044 2026 1225 2080 commate

250 2142 363 2213 tertio
385 2142 528 2226 mediO,
565 2139 732 2212 averbis
757 2171 868 2216 notros
892 2175 958 2217 των
990 2148 1091 2241 ἔργων
1108 2169 1226 2241 usque

134 2370 137 2379 V
250 2277 295 2346 ad
312 2267 455 2348 comma
474 2272 719 2346 undecimum
742 2275 881 2346 rectius
906 2272 1069 2349 abfuisse
1094 2279 1141 2348 Ei
1168 2279 1261 2379 vi·¹
1343 2361 1351 2376 1

250 2413 405 2500 dentur,
432 2409 465 2482 si
482 2426 610 2480 auctor
627 2411 723 2480 hanc
741 2409 854 2480 modo
870 2409 1123 2505 interpretum
1141 2435 1222 2483 sen·

250 2547 407 2616 tentiam
421 2545 625 2640 exprimere
645 2546 839 2616 voluisset.
894 2551 1013 2639 Quare
1027 2547 1137 2616 aliam
1152 2548 1225 2618 hoc

252 2697 487 2776 segmentum
520 2679 793 2773 interpretandi
823 2679 944 2764 viam,
986 2703 1008 2750 a
1038 2684 1223 2766 Cremera,

252 2816 410 2886 Sernlcro
434 2829 472 2883 et
486 2814 624 2885 Tellero
640 2813 797 2908 aliisque
813 2814 889 2882 iam
908 2795 1102 2902 tentatam,
1130 2817 1226 2889 seda

251 2923 520 3018 recentioribus
535 2945 611 3017 fere
623 2947 804 3034 omnibus,
814 2948 1086 3042 interpretibus
1102 2953 1225 3048 negle-

252 3101 351 3156 ctam
365 3105 406 3154 ac
418 3081 669 3178 repudiatam,
694 3082 899 3156 ineundam
922 3085 997 3156 sibi
1013 3105 1050 3158 et
1065 3085 1225 3174 compla-

252 3217 414 3289 nandam
431 3240 509 3296 esse
533 3219 765 3293 existimavit
795 3219 1054 3294 Griesbacirir'ts.
1080 3251 1131 3272 -
1154 3218 1223 3287 Ni-

251 3351 394 3424 mirum
415 3386 656 3437 καταπαυσεως
671 3355 827 3427 nomine
847 3353 1006 3428 indicari
1031 3350 1144 3422 etiam
1156 3377 1222 3447 po·

251 3487 327 3558 tuit
351 3489 568 3562 cessationi
592 3489 757 3586 operibus
782 3494 961 3565 manicae
984 3487 1091 3584 legis,
1119 3489 1224 3582 quies

252 3647 292 3694 ac
308 3622 480 3695 liberatio
496 3647 516 3691 a
533 3623 624 3719 iugo
639 3623 845 3697 cervicibus
861 3620 1083 3695 Iudaeorum
1101 3621 1224 3715 impo-

249 3755 333 3832 sito.
362 3756 633 3855 Quamobrem
649 3758 867 3836 brevissime
880 3774 918 3828 et
926 3755 975 3828 ad
984 3781 1065 3829 rem
1080 3779 1223 3828 accom-

249 3892 524 3987 modatissime,
551 3895 606 3970 ait
621 3895 763 3974 Auctor
777 3897 830 3998 (p.
846 3895 975 3995 464),
999 3894 1119 3968 dicere
1133 3893 1224 3968 lice·
1247 3965 1251 3974 ,

248 4025 325 4111 bit,
353 4057 561 4110 καταπαυσιν
582 4057 659 4108 esse
692 4041 855 4116 dirotano
879 4039 935 4128 dra
956 4061 1091 4127 πιστεως
1116 4063 1222 4132 χωρίς
