2752 4790
742 385 810 427 Lxu

295 555 617 638 quaenarrantur,
653 533 849 608 certarint
870 551 909 606 et
932 538 1063 612 evicta.
1116 547 1267 614 Summa

294 699 421 753 autent
435 677 490 748 rei
508 675 553 750 ab
567 677 731 749 Auctore
753 693 887 766 magna
903 695 989 776 cunt
1006 673 1175 766 sollertia
1193 675 1268 746 tra-

290 833 410 886 ctatae
427 839 470 884 eo
486 811 594 882 redit.
630 805 843 880 Matthaeus
855 811 1059 884 etIoannes
1070 809 1194 906 ptimo
1209 811 1270 882 die

288 947 578 1020 resurrectionis
608 943 768 1014 Domini
792 939 866 1037 ipsi
889 939 1044 1038 quidem
1069 971 1154 1020 eum
1168 945 1271 1020 vide-

290 1102 400 1171 runt,
427 1081 491 1156 sed
520 1085 677 1178 primum
700 1073 886 1146 nuncium
914 1080 1198 1156 resurrectionis
1225 1081 1269 1153 ab

290 1220 373 1294 aliis
391 1219 467 1292 iam
478 1225 707 1302 acceperant.
726 1205 848 1278 Maria
858 1207 962 1278 enirn
972 1215 1195 1308 Magdalena
1212 1243 1272 1291 so·

288 1349 477 1427 lisloanni
498 1369 539 1416 ac
556 1349 665 1414 Petro
690 1338 870 1424 narravit,
908 1367 1001 1436 quae
1024 1347 1124 1440 apud
1149 1354 1271 1444 sepul·

288 1512 395 1562 orum
415 1487 496 1575 ipsa
520 1453 751 1550 observasset
773 1478 843 1566 (Io.
866 1478 958 1563 XX,
990 1480 1074 1578 ι2.)4;
1103 1481 1270 1579 reliquos

286 1615 509 1712 Apostolos,
537 1639 601 1708 per
619 1609 926 1702 Hierosolymam
945 1609 1044 1686 forte
1070 1613 1267 1713 dispersos,

286 1775 370 1824 non.
383 1751 492 1824 vidit.
517 1750 699 1845 Reliquae
717 1765 840 1820 autem
857 1747 1034 1838 mulieres
1053 1749 1147 1825 alios
1166 1753 1268 1850 Apo·

286 1890 422 1974 stolus,
449 1887 606 1983 adlquos
623 1883 837 1970 Matthaeus
853 1883 1069 1979 pertineret,
1094 1885 1267 1962 adierunt

287 2025 438 2115 (Matth.
459 2024 641 2109 XXVIlI,
681 2041 715 2112 8.
743 2023 794 2118 9.)
852 2019 992 2094 Nullus
1016 2041 1142 2094 autern
1165 2023 1266 2119 Apo·

286 2161 409 2230 stolus
424 2181 552 2230 omnes
570 2159 636 2229 has
662 2155 838 2228 mulieres
861 2155 976 2226 simul
999 2155 1118 2248 vidit,
1146 2173 1190 2230 ut
1208 2183 1264 2230 ea·

286 2315 372 2363 rum
384 2292 616 2364 narrationes
647 2290 747 2364 inter
773 2313 812 2368 ss
838 2289 1009 2379 conferre
1034 2308 1184 2386 posset3
1211 2309 1265 2362 at·

281 2451 354 2522 que
376 2415 572 2522 postqu'aut
598 2425 668 2498 sub
692 2443 843 2498 noctem
865 2423 1033 2498 Christus
1059 2422 1139 2520 ipse
1159 2423 1262 2520 Apo·

281 2561 389 2634 stolis
409 2559 658 2656 adparuisset,
685 2559 726 2632 hi
743 2561 827 2632 aliis
844 2557 1074 2634 testimoniis
1100 2585 1260 2634 resurre-

281 2697 418 2768 ctionis
430 2703 514 2768 Iesu
529 2719 606 2766 non
626 2694 788 2788 amplius
799 2693 966 2788 egebant,
991 2719 1061 2766 neo
1079 2693 1170 2768 adeo
1186 2697 1261 2768 sol-

280 2829 380 2899 liciti
394 2845 499 2922 erant
513 2825 558 2898 tle
573 2825 853 2900 narrationibus
873 2825 1078 2900 mulierum
1093 2847 1260 2902 accurate

281 2963 381 3034 inter
395 2985 434 3031 se
450 2959 710 3050 conferendis,
738 2959 803 3034 sed
822 2981 880 3030 eas
897 2959 1044 3054 potius,
1072 2966 1142 3038 etsi
1158 2989 1259 3036 man·

280 3121 361 3184 cas,
390 3101 518 3192 prouti
540 3099 720 3172 mernoria
745 3095 957 3168 tenuissent
967 3149 979 3183 ,a
1004 3095 1087 3168 aliis
1100 3097 1258 3166 tradide-

278 3247 379 3304 runt.
408 3271 457 3298 ·····
490 3233 677 3330 Quicquid
702 3229 822 3329 igitur
850 3237 1010 3304 Ioannes
1034 3246 1182 3315 narrat,
1215 3229 1257 3300 id
1304 3275 1306 3283 ι

277 3391 388 3439 omne
417 3369 541 3441 hausit
570 3385 634 3450 ant
666 3391 710 3440 ex
737 3367 951 3445 narratione
982 3363 1124 3436 Mariae
1147 3369 1255 3461 Mag-

275 3501 444 3591 taleme,
475 3523 539 3576 aut
560 3529 605 3575 ex
631 3504 798 3604 αὖτοψιᾳ.
862 3495 1075 3576 Matthaeus
1112 3516 1249 3584 autern,

277 3663 369 3734 quae
399 3641 443 3712 de
468 3639 737 3726 resurrectione
761 3631 920 3713 Domini
945 3629 1077 3720 refert,
1113 3634 1254 3728 accepit

274 3775 518 3866 potissimum
549 3799 595 3844 ex
635 3773 851 3864 narratione
884 3767 1110 3854 mulierum,
1146 3793 1250 3863 quae,

277 3931 391 4000 quum
416 3915 599 3992 avolasset
616 3935 636 3980 a
651 3909 828 4004 sepulcro
847 3909 932 3976 Iesu
958 3903 1082 3980 Maria
1100 3903 1253 4000 Magda-
