2752 4790
696 375 777 418 xus·

243 536 285 605 ni
299 531 574 630 inestprolusio
584 523 957 623 exegeticaadlocum
965 528 1088 642 Paulli
1100 540 1218 607 neor.

242 675 328 756 XII,
349 695 365 746 1
380 671 621 746 -11.'-,In
637 661 1038 734 hac'commentatione
1051 666 1118 736 Vir
1132 692 1219 760 pru·
1302 683 1321 760 j

243 787 345 891 dens,
374 805 467 900 qui,
485 829 553 899 pro
571 824 676 874 more
694 822 761 869 suo
780 813 886 870 caute
901 814 939 866 et
953 798 1220 897 circumspecte

243 939 383 1033 ubique
401 939 550 1010 dicendi
575 955 612 1008 et
634 933 779 1030 agendi,
817 936 1081 1022 orthodoxiae,
1109 963 1221 1033 quam

241 1091 390 1159 vocant,
412 1099 493 1144 non
512 1069 703 1144 crassioris
721 1065 885 1159 quidem,
904 1072 968 1138 sed
981 1072 1219 1155 liberalioris,
1276 1133 1281 1144 ,

242 1209 403 1302 speciem
417 1231 505 1300 prae
523 1229 560 1275 se
576 1201 673 1272 ferre
695 1197 812 1291 probe
835 1199 1049 1310 didicisset,
1084 1207 1129 1274 ab
1148 1205 1221 1275 ini·

241 1367 313 1439 qua
336 1339 555 1432 suspicione·
569 1349 724 1428 negatae
753 1337 1023 1428 personalitatis
1056 1337 1220 1429 Spiritus

239 1474 365 1547 Sancti
378 1495 416 1542 se
432 1491 590 1565 purgare
603 1465 770 1538 voluisse
784 1467 881 1537 mihi
896 1469 1070 1555 videtur3
1097 1488 1135 1540 et
1150 1495 1220 1566 pro

239 1607 384 1679 ratione
401 1604 510 1676 illius
533 1601 715 1698 temporis
733 1605 781 1697 (a.
814 1607 962 1698 1780),
990 1629 1049 1676 me
1068 1604 1220 1725 Quidem

237 1741 372 1826 iudice,
399 1741 487 1813 satis
503 1739 598 1812 bene
619 1757 656 1810 et
673 1739 878 1812 commode.
931 1746 1029 1812 Nam
1047 1741 1220 1812 Paullum

237 1877 462 1971 apostolum,
489 1875 532 1945 in
549 1875 618 1947 illo
634 1877 731 1959 loco,
760 1899 872 1971 quem
886 1876 927 1946 in
942 1874 1014 1948 hoc
1027 1899 1219 1972 program-

235 2029 334 2082 mate
352 2013 600 2108 pentecostali
627 2011 899 2082 illustrandum
925 2011 998 2082 sibi
1018 2028 1214 2098 sumserat,

235 2149 418 2241 Spiritum
436 2155 617 2220 Sanctum
641 2156 788 2248 (πνευμα
805 2148 919 2244 ἅγιον)
942 2117 1122 2242 personae
1138 2171 1219 2243 spe·

237 2281 292 2350 cie
314 2281 503 2388 induisse,
552 2281 801 2354 Griesbocliius
832 2280 950 2352 firmis
986 2282 1219 2378 argumentis

237 2416 361 2489 evicit.
416 2413 619 2487 Manifeste
645 2417 749 2487 enim
774 2417 927 2498 Paullus
954 2419 1035 2512 (vv.
1056 2439 1077 2510 3
1096 2455 1147 2471 -
1165 2417 1219 2511 6.)

183 2575 185 2584 ’
232 2565 305 2623 tres
321 2550 542 2646 distinguit:
570 2545 710 2634 Deum,
737 2554 939 2644 Dominum
957 2553 1099 2649 (Iesum
1111 2551 1216 2622 Chri·
1287 2585 1292 2592 ·

236 2689 338 2778 tum)
351 2703 388 2754 et
404 2687 580 2780 Spiritum
590 2687 801 2778 ‘Sanctum
834 2711 998 2779 quorum
1016 2687 1091 2757 duo
1113 2687 1216 2782 prio·
1246 2652 1248 2661 Ι

236 2842 315 2903 res,
352 2824 454 2888 Deus
474 2835 510 2886 et
527 2823 632 2889 Iesus
657 2819 848 2906 Christus,
881 2822 1218 2915 quum'sineullo

235 2951 349 3024 dubio
374 2975 552 3046 personas
580 2971 708 3049 agant,
749 2953 940 3048 'Spiritum
971 2959 1149 3040 Sanctum
1173 2956 1214 3023 in

230 3091 306 3159 hoc
337 3087 612 3158 sententiarum
631 3085 748 3161 nexu·
762 3091 875 3184 plane
896 3105 986 3160 non*
1005 3089 1212 3186 significare
1311 3095 1313 3103 ’

233 3195 345 3316 posse
361 3225 437 3294 vim
456 3223 619 3320 aliquam
636 3227 808 3310 divinam,
834 3225 877 3295 in
895 3227 1021 3322 aprico
1037 3239 1103 3293 est.
1144 3225 1211 3291 Po·
1309 3239 1316 3248 ·

233 3375 372 3429 stremo
407 3360 567 3449 deitatis,
596 3361 809 3456 quamalia
832 3359 1103 3457 Apostolorum
1129 3379 1211 3426 ora·
1254 3383 1257 3390 ·
1307 3374 1312 3382 ·

235 3494 318 3564 cula
341 3493 500 3588 Spiritui
518 3501 552 3568 S.
570 3475 779 3583 vindicent,
806 3499 932 3568 necin
951 3495 1020 3562 hac
1037 3491 1212 3587 pericopa

230 3631 401 3700 Paullina
418 3629 542 3703 deesse
559 3631 700 3702 indicia
720 3634 821 3703 haud
837 3631 1004 3716 obscura,
1023 3627 1106 3697 iure
1121 3649 1210 3697 con·

229 3763 350 3832 tendit
379 3767 675 3863 Griesbochiusp.
695 3789 774 3866 184.
793 3743 984 3862 sep-Sed
1003 3761 1210 3834 dolendum

232 3913 307 3981 est,
331 3890 482 3976 vVirum
517 3903 880 3999 perspicacissimum
912 3899 1066 3970 silentio
1101 3899 1213 3992 plane
