2752 4790
692 357 755 399 t'ltt
777 387 778 392 .

235 515 394 590 consilio
411 512 524 584 huius
544 507 809 606 praeseminis,
836 511 1020 582 theoriam
1049 514 1223 602 criticam¹

235 651 311 726 viri
328 647 560 721 'celeberrimi
571 647 574 654 ’
586 647 809 741 impugnare
825 663 934 741 atque
944 647 1057 720 aliam
1068 651 1219 720 lectori-

236 788 307 858 bus
339 785 446 882 quasi
468 783 680 856 obtrudere.
740 782 936 876 Explicare
962 785 1076 854 modo
1110 785 1220 856 volui

237 945 385 1009 causas,
412 921 559 1038 'quibus
597 917 761 1014 permoti
795 917 862 990 alii
884 919 961 992 viri
992 920 1093 990 docti
1125 921 1222 990 hanc

235 1057 337 1130 viam
354 1084 383 1138 ,a
414 1053 642 1132 Griesbaclrio
662 1051 791 1119 tritam
815 1049 858 1118 in
883 1052 972 1122 crisi
992 1061 1039 1124 N.
1060 1061 1104 1126 T.
1123 1055 1222 1124 dese-

240 1194 387 1263 ruerint
420 1205 550 1260 nostra
586 1148 703 1252 ietate
734 1181 921 1276 aliamque
950 1188 1143 1258 tentarint.
1172 1227 1224 1245 -

241 1331 312 1398 Cui
330 1321 491 1404 accedit,
528 1317 656 1390 virum
681 1314 941 1388 doctissimum
964 1319 1131 1390 nimium
1154 1322 1221 1392 tri·

210 1470 214 1476 '
238 1459 361 1530 lauisse
377 1453 500 1530 videri
516 1455 700 1526 consensui
719 1452 919 1548 utriusque
937 1455 1165 1527 recensionis
1185 1475 1222 1526 et

237 1589 511 1664 Alexandrinae
541 1604 578 1658 et
611 1587 876 1662 Occidentalis.
954 1590 1025 1660 Sed
1057 1591 1222 1662 dandum

238 1743 293 1800 est
317 1724 462 1821 aliquid
485 1726 621 1822 longae
646 1725 916 1797 consuetudini
923 1751 935 1810 3
979 1743 1090 1822 atque
1117 1706 1223 1798 caute

238 1864 329 1933 adeo
356 1879 394 1932 et
411 1861 677 1955 circumspecte
696 1861 849 1931 iudicat·
876 1862 937 1935 vir
950 1865 1223 1956 praestantissi-

151 2059 155 2066 .
239 2021 326 2072 mus
342 1997 386 2067 in
402 1999 678 2097 Prolegomenis
695 2019 817 2071 nortae
830 1997 992 2070 editioni
1009 1999 1221 2072 criticaeN.

179 2151 181 2154 ·
241 2139 286 2205 Τ.
300 2134 436 2231 (1796)
445 2117 658 2225 praemissis
674 2156 757 2229 pag.
774 2121 921 2204 LXXX.
942 2133 987 2202 de
1001 2123 1124 2230 pretio
1136 2160 1225 2206 con·

242 2265 371 2342 sensui
389 2267 590 2362 utriusque
608 2258 837 2340 recensionis
859 2268 1071 2356 statuendo,
1096 2287 1141 2338 ut
1162 2267 1225 2364 pa-

203 2417 213 2438 ·
241 2428 328 2474 rum
353 2401 599 2482 automnino
627 2403 729 2474 nihil
746 2429 828 2476 cum
850 2407 991 2476 ratione
1013 2405 1224 2476 contradici

244 2555 367 2637 queat.
421 2542 517 2610 Rem
534 2537 637 2610 enim
658 2538 843 2610 declarare
858 2539 982 2610 studet
998 2539 1122 2614 verbis
1143 2525 1224 2610 his:

244 2676 301 2758 „E
324 2687 514 2742 concentu
537 2673 769 2745 recensionis
787 2675 1048 2746 alexandrinae
1066 2701 1152 2746 cum
1167 2700 1228 2748 oc-

244 2801 450 2890 „cidentali
463 2799 680 2872 firmissime
697 2807 906 2902 colligitur,
922 2809 1128 2880 lectionem
1140 2811 1231 2880 utri·

245 2945 345 3031 „que
379 2937 767 3035 communem-longe
798 2965 878 3014 esse
914 2943 1230 3039 antiquissimam,

246 3071 373 3160 „imo,
400 3071 431 3141 si
455 3072 596 3140 interna
614 3073 720 3144 simul
741 3073 902 3149 bonitate
917 3101 985 3149 sua
1010 3083 1142 3166 niteat,
1168 3105 1231 3180 ge-

246 3207 433 3295 „nuinam
496 3202 564 3274 Sin
580 3228 668 3279 vero
689 3205 909 3282 huiusmodi
933 3209 1046 3282 lectio
1070 3211 1232 3286 internis

249 3337 444 3434 ,·,veritatis
474 3338 634 3413 criteriis
668 3341 821 3415 destitui
860 3346 1051 3431 videatur,
1093 3347 1233 3420 horum

250 3490 515 3570 „momentum
551 3477 717 3550 curatius
755 3448 1044 3578 expendendum
1072 3501 1145 3571 est,
1189 3503 1234 3556 ut

250 3629 480 3710 „appareat,⁵
496 3625 619 3686 utrum
639 3639 764 3689 eorum
781 3597 942 3714 defectus
966 3618 1084 3688 maius
1100 3617 1233 3693 habeat

251 3753 437 3844 „pendam
465 3775 576 3849 quam
593 3755 812 3827 consentiens
837 3749 1101 3824 alexandrinae
1124 3723 1159 3824 it
1175 3779 1233 3827 oc·

250 3881 462 3971 „cidenmlis
485 3891 694 3964 recensionis
717 3884 970 3960 testimonium.
985 3895 1008 3931 “
1035 3923 1084 3945 -·
1112 3893 1232 3984 Quare
