2684 4798
280 378 351 454 352
464 349 570 424 XXI·
600 345 864 422 Stricturornns
882 345 919 416 in
940 341 1063 420 locum

279 538 331 603 vis
349 533 580 606 imitabantur,
603 515 777 622 partimin
798 551 862 594 usu
878 531 1039 616 loquendi
1055 535 1276 610 ludaeorum,

192 661 200 692 '¹
277 653 471 746 praesertim
498 667 706 738 graecorum,
729 665 858 736 promta
878 661 909 710 et
924 664 1034 734 parsts
1052 651 1129 716 fere
1154 653 1271 732 omnia,

196 753 199 766 ι
280 778 401 866 quibus
420 775 502 858 opu's
520 770 602 858 ipsis
618 783 719 842 esset,
743 767 1034 853 deprehenderent.

365 893 428 956 Fae
451 911 550 970 vero,
572 887 727 954 accidisse
749 881 947 971 aliquando,
971 901 1011 950 ut
1040 905 1265 955 auctorsater

279 1007 433 1100 proclivis
449 1025 531 1072 esset
549 1010 767 1081 admorunt,
789 987 848 1090 ipsi
868 1003 1049 1069 lectoribus
1076 1009 1191 1072 fraudi
1207 1025 1265 1073 esst

278 1129 457 1218 potuisset,
480 1128 557 1212 quid
581 1145 699 1211 quaeso
728 1127 852 1200 obstas,
876 1145 947 1209 quo
970 1123 1080 1188 minus
1108 1125 1263 1206 existime-

281 1271 378 1322 mus,
402 1239 645 1334 providentiam
668 1237 816 1306 divinam
834 1242 874 1304 ad
892 1239 1122 1344 reducendum
1142 1261 1264 1332 aposto·

279 1371 351 1430 lum
371 1367 406 1428 in
424 1379 547 1428 rectum
565 1358 653 1426 viam
677 1383 769 1425 usam
789 1381 856 1424 esse
880 1359 1092 1428 adminiculis
1122 1365 1261 1426 eiusdem

279 1485 428 1572 gesseris,
452 1479 574 1574 quibus
593 1479 666 1546 aliis
684 1475 781 1544 etiam
805 1475 885 1540 viris
902 1477 996 1546 bonis
1013 1497 1045 1544 et
1058 1476 1120 1566 piis
1136 1477 1169 1542 in
1185 1501 1259 1544 vers

278 1599 466 1688 indagando
479 1619 668 1664 suoeurrere
683 1620 755 1663 eam
773 1581 963 1684 persuasum
975 1593 1067 1660 nobis
1077 1615 1138 1662 est.
1181 1601 1259 1662 Sene

278 1716 389 1783 omnis
414 1717 486 1778 aevi
511 1715 594 1778 visis
623 1715 844 1798 sapientibus,
877 1717 987 1802 quibus
1013 1713 1148 1776 Numen
1170 1717 1269 1778 beni:

277 1833 474 1921 gnissimum
501 1829 536 1900 io
556 1833 748 1898 veritatibus
773 1827 883 1920 magui
909 1829 1063 1896 momenti
1082 1829 1141 1895 uei
1167 1827 1259 1897 inre·

156 1979 207 2010 υ.
278 1951 411 2016 oiendis
438 1955 506 2026 vel,
530 1953 557 2016 si
576 1949 747 2018 oblivione
775 1949 964 2016 obliterans
988 1965 1114 2024 esseut,
1137 1947 1257 2014 instau-

275 2069 386 2136 randis
409 2067 458 2134 uti
475 2087 632 2156 tanquam
657 2063 885 2134 instrumentis
912 2069 1035 2141 voluit.
1058 2091 1121 2134 suo
1138 2068 1254 2136 auritis

252 2171 369 2273 ''Deus
388 2183 515 2262 adfuitt
538 2209 605 2252 non
630 2167 761 2276 ἂμεσως
787 2189 943 2273 quidum,
964 2205 998 2252 st
1015 2179 1193 2252 certissime
1204 2207 1254 2274 ps

275 2297 367 2378 tius(
397 2305 563 2374 Nimirum
577 2325 626 2371 res
635 2306 877 2372 circumstantes
889 2321 1005 2373 omnes
1020 2303 1253 2392 sapientissime

276 2425 324 2490 ita
347 2421 530 2510 disposuit,
560 2439 597 2488 ut
621 2423 806 2490 occasiones
829 2441 861 2490 et
890 2423 1092 2488 adminicula
1114 2425 1204 2488 ultro
1222 2445 1256 2488 se

224 2580 227 2588 ·
276 2541 355 2630 ipsis
383 2545 557 2616 offerrent,
581 2565 725 2628 quorum
754 2565 816 2630 ope
835 2541 973 2606 mirifice
991 2545 1025 2606 in
1046 2561 1123 2608 vero
1140 2537 1257 2629 perspi·

276 2664 395 2728 ciendo
417 2673 450 2724 et
463 2665 623 2728 erroribus
641 2665 831 2748 vulgaribus
846 2661 1053 2748 excutiendis
1071 2655 1256 2725 adiuvaren·
1315 2637 1316 2640 Ἴ

275 2797 339 2844 tur.
384 2777 448 2854 Sis.
470 2794 507 2840 ut
525 2779 588 2844 hoc
600 2797 741 2856 utamur,
766 2781 941 2854 Lutharus.
966 2775 1016 2842 rir
1032 2801 1106 2846 vere
1124 2803 1255 2868 mugnus

278 2919 340 2964 neo
364 2895 405 2960 de
429 2895 468 2959 iis
494 2909 642 2978 tantum,
665 2899 724 2986 qui
745 2894 948 2964 denominari
975 2899 1015 2960 ab
1040 2889 1114 2982 ipso
1142 2905 1255 2972 solent.
1315 2975 1316 2988 χ

278 3017 337 3110 sed
365 3011 563 3078 omninode
588 3035 678 3102 parte
702 3011 829 3106 generis
860 3011 998 3082 hnmani
1031 3017 1120 3080 haud
1144 3017 1254 3100 exigua
1315 3003 1316 3010 ἵ

278 3131 441 3215 praeclare
460 3129 607 3208 meritus,
630 3156 752 3200 errores
769 3129 900 3220 putidos
917 3150 950 3198 et
967 3139 1089 3200 abusus
1111 3135 1254 3198 intulere·
1314 3171 1316 3224 3

281 3247 362 3312 biles
383 3253 560 3336 permultos
588 3269 655 3316 uon
681 3253 889 3340 impugnavit
915 3255 1022 3318 solum
1048 3269 1183 3318 strenue
1207 3253 1254 3316 sed

278 3364 469 3441 felicissime
486 3371 584 3432 etiarn
602 3374 786 3446 debellarit,
810 3393 893 3458 quos
908 3389 982 3462 ante
998 3395 1074 3436 eum
1088 3371 1150 3434 viri
1162 3389 1252 3456 aeque

277 3483 454 3571 cordatius
472 3490 538 3552 reri
559 3509 721 3570 amantes,
744 3495 897 3578 variaque
921 3491 1110 3554 eruditione
1126 3489 1158 3552 ei
1173 3507 1253 3576 pares

277 3605 331 3666 vel
347 3603 444 3668 etiam
465 3607 649 3694 superiores
665 3634 705 3672 ne
721 3613 1009 3677 animadverterant
1029 3607 1184 3696 quidem,
1205 3623 1253 3672 sut

179 3759 184 3774 ·
252 3797 260 3806 .
276 3721 306 3788 si
324 3745 379 3788 eos
394 3724 605 3800 detexissent,
628 3725 722 3796 irritu
739 3745 848 3794 samen
865 3746 984 3794 conatu
1003 3729 1254 3816 extorquerem·

264 3847 422 3928 ,minibus
446 3849 653 3910 studuerant.
677 3867 738 3912 nec
752 3847 882 3913 coaevis
900 3845 966 3910 suis
994 3842 1126 3910 veriora
1145 3870 1182 3911 ae
1199 3869 1254 3908 mr·

278 3959 360 4026 liora
386 3965 523 4049 probare
548 3980 739 4050 potuerant.
772 3968 840 4034 imo
869 3967 1034 4032 interdum
1065 3965 1252 4052 Charybdin
