2722 4806
730 385 808 429 XCIV

278 539 326 609 iis
347 537 448 610 inest
470 527 675 622 indicium,
712 541 838 608 Iesum
862 537 1007 611 visibili
1028 541 1155 634 modo,
1184 570 1256 643 qua

279 697 414 768 corpus
432 673 566 761 etiam,
591 676 633 746 in
652 671 802 744 coelum
826 671 876 742 iri
900 693 1081 752 evectum.
1107 713 1159 736 -
1185 683 1255 752 Sed

276 808 318 877 in
334 809 570 882 sermonibus
589 805 731 881 Christi
746 831 766 878 e
780 813 921 878 Ioanne
937 809 981 882 in
1006 813 1135 888 literas
1161 817 1255 886 rela-

277 943 324 1014 tis
341 945 450 1038 plura
470 969 511 1016 ac
527 938 781 1016 luculeritiora
804 944 889 1014 loca
912 965 1135 1034 occurrunt,
1161 973 1254 1044 quae

277 1079 323 1149 ad
340 1103 488 1152 causam
504 1098 675 1152 nostram
689 1075 846 1170 propius
871 1081 1041 1152 accedere
1064 1083 1252 1158 videntur.

274 1193 463 1286 Praedixit
478 1215 580 1283 enim
597 1219 720 1296 Iesus,
749 1207 1001 1282 discessurum
1017 1237 1060 1285 se
1077 1235 1255 1290 eterrena

210 1349 213 1354 ’
276 1349 455 1435 lracvita,
491 1363 603 1440 atque
618 1342 810 1414 abiturum
831 1342 877 1412 ed
896 1347 1063 1432 Patrem,
1100 1365 1138 1418 et
1155 1375 1255 1424 com·

276 1485 386 1556 moda
409 1503 563 1552 suorum
588 1493 866 1570 promoturum.
930 1484 1103 1572 Quonam
1128 1501 1255 1558 autem

274 1613 383 1689 modo
418 1637 460 1684 ac
485 1630 656 1706 ternpore
685 1607 727 1680 in
755 1613 906 1682 coelum
935 1637 1153 1688 reversurus
1186 1618 1251 1704 sit,

272 1749 486 1842 nunquam,
536 1769 585 1818 ne
616 1762 704 1841 post
738 1747 1051 1820 resurrectionem
1085 1749 1250 1846 quidem,

271 1886 368 1956 clare
384 1883 553 1955 elocutus
573 1899 640 1953 est.
665 1921 716 1936 —
741 1888 841 1952 Tum
856 1883 1094 1978 progreditur
1106 1888 1249 1957 Auctor

269 2022 326 2115 (p.
344 2038 431 2116 479.
452 2021 525 2114 sq.)
541 2017 587 2087 sd
606 2019 878 2113 Apostolorum
895 2001 1098 2106 sermones,
1126 2020 1192 2116 qui
1208 2019 1251 2090 in

272 2153 480 2224 eorundem
508 2152 612 2224 Actis
638 2177 658 2222 a
682 2158 782 2224 Luca
807 2153 1029 2247 conscriptis
1055 2158 1248 2252 leguntur.

269 2293 327 2358 Ex
344 2285 403 2359 his
418 2285 571 2384 quidem
585 2304 699 2380 patet,
720 2291 872 2357 Petrum
889 2305 925 2357 et
939 2289 1112 2360 Paullum
1130 2289 1248 2360 credi-

268 2423 385 2508 disse,
412 2424 534 2492 Iesum
552 2419 595 2492 in
611 2423 759 2493 coelum
785 2421 1018 2495 adscendisse
1044 2423 1174 2518 ibique
1201 2426 1250 2495 ad

268 2557 439 2629 dextram
452 2555 574 2627 Patris
590 2557 799 2628 consedisse
809 2584 822 2641 ς
859 2581 1021 2650 quanam
1042 2549 1168 2630 autem
1188 2584 1246 2628 ra·

266 2694 373 2766 tione
389 2690 429 2761 id
445 2689 588 2762 facturn
605 2689 676 2781 sit,
709 2690 825 2762 silent
840 2691 883 2760 hi
895 2691 1084 2784 Apostoli.
1110 2731 1161 2750 ι·
1187 2699 1248 2764 Ita

267 2845 305 2896 et
318 2827 418 2895 inter
429 2825 606 2918 epistolas
622 2825 820 2899 catholicos
834 2825 877 2894 in
889 2826 1010 2922 priori
1026 2827 1128 2898 Petri
1138 2829 1245 2908 Chri·

169 2953 177 2962 ’
268 2976 347 3030 stus
371 2957 517 3030 dicitur
542 2976 720 3059 πορευθεις
746 2971 794 3043 εἷς
820 2959 971 3060 οὖρανον.
996 2999 1047 3018 -
1071 2964 1247 3059 Denique

264 3097 436 3192 epistolae
452 3095 575 3168 Paulli
590 3096 708 3166 multa
723 3094 874 3192 quidem
889 3113 927 3166 et
940 3066 1134 3168 luculenta
1153 3121 1245 3167 con-

263 3230 389 3300 tinent
408 3229 624 3302 testimonia
647 3233 691 3302 de
715 3238 799 3302 Iesu
824 3249 913 3326 post
927 3209 1242 3306 resurrectionem

263 3365 343 3438 vita
357 3367 514 3460 perenni
529 3391 571 3438 ac
587 3367 757 3453 coelesti,
785 3391 942 3462 corpore
962 3367 1035 3435 iam
1050 3363 1241 3458 glorifica-

262 3517 323 3586 to,
351 3525 497 3572 summa
515 3501 593 3571 eius
610 3503 729 3596 gloria
746 3527 788 3574 ac
807 3505 1014 3586 maiestate,
1051 3499 1242 3580 immonsa

263 3634 354 3706 item
369 3634 593 3707 auctoritate
608 3653 645 3705 et
658 3639 849 3734 potentia,
875 3649 919 3704 'et
935 3629 981 3702 de
1006 3631 1130 3705 reditu
1155 3631 1238 3704 eius

255 3751 359 3842 'olim
377 3769 623 3866 exspectando
642 3773 688 3844 ad
712 3767 985 3854 resuscitandos
1006 3785 1179 3859 mortuos
1197 3785 1240 3840 et

262 3906 507 3978 exercendum
531 3907 735 3994 iudicium
771 3923 809 3976 at
828 3901 873 3974 de
892 3901 1038 3976 visibili
1055 3901 1159 3974 illius
1173 3902 1239 3974 sd·

262 4037 457 4107 mensione
487 4043 528 4110 in
559 4044 709 4114 coelum
736 4039 834 4112 nihil
860 4037 1031 4111 refertur.
1058 4030 1109 4096 ·'-
1135 4045 1241 4133 Quos
