2752 4790
721 364 810 408 Xffll

272 540 440 620 ,pruvera
455 519 692 618 ereernplaria.
746 522 867 612 Quare
890 535 929 592 et
952 524 1080 618 plures
1095 517 1257 598 vid-du.

280 658 437 731 ctissimi
455 657 543 728 huic
565 651 741 728 vocabuli
767 653 1012 749 explicationi
1033 641 1256 755 sinlpliciter

279 810 523 881 accesserunt,
540 817 579 864 v.
597 815 628 863 e.
644 789 680 860 b.
693 792 894 862 Roesslerus
904 791 946 862 in
962 794 1108 890 egregio
1121 819 1254 890 opere:

278 928 495 1000 Bibliothelr
506 929 569 998 der
585 926 865 1015 Kirchenvtter,
883 929 1052 1002 V01.111.
1069 953 1150 1027 pag.
1170 951 1252 1022 118.

277 1089 333 1162 sq,
359 1066 396 1136 b.
423 1073 454 1136 1.
481 1065 531 1142 D„
562 1059 754 1136 Michaelis
774 1056 816 1126 in
839 1059 940 1130 libro
966 1066 1253 1156 supralaudato

276 1201 444 1295 (Einleit.
467 1197 509 1266 in
526 1195 561 1263 d.
593 1187 780 1262 Schriften
803 1188 839 1258 d.
866 1195 918 1262 N.
934 1198 978 1262 T.
1004 1195 1060 1265 ed.
1086 1203 1148 1267 IV.
1167 1205 1207 1270 P.
1224 1205 1254 1270 I.

232 1330 237 1344 '
273 1361 359 1431 pag.
378 1355 461 1424 271.
479 1351 532 1422 sq.
554 1341 591 1394 et
607 1329 642 1396 S.
663 1329 707 1394 V.
729 1293 907 1396 Haenlein
927 1325 969 1396 in
990 1326 1102 1415 libro,
1127 1333 1256 1402 Hand-

274 1468 374 1538 buch
392 1463 427 1532 d.
449 1459 601 1532 Einleit.
622 1458 665 1536 in
683 1457 718 1528 d.
744 1455 932 1538 Schriften
957 1461 1020 1534 des
1036 1469 1084 1534 N.
1102 1469 1167 1553 T„
1194 1465 1255 1538 in.

275 1601 436 1695 scripto,
462 1601 502 1686 P.
527 1600 577 1666 II.
601 1617 684 1689 pag.
716 1618 773 1668 10.
799 1617 854 1689 sq.
885 1594 940 1668 ed.
967 1597 1068 1672 edae.
1122 1604 1254 1696 Itaque

275 1753 353 1822 est,
391 1731 494 1827 qued
517 1729 715 1818 miremur,
749 1729 785 1800 b.
813 1729 1070 1804 Bertlroldtnm
1097 1733 1140 1806 in
1164 1736 1251 1820 libr.

197 1969 200 1977 Ι
271 1867 466 1944 iam-laud.
488 1866 594 1962 (hist.
617 1864 707 1936 tait.
733 1865 956 1963 Einleitung
979 1867 1022 1974 in
1049 1868 1084 1940 d.
1114 1870 1253 1944 schrif.

272 2005 391 2100 tend.
409 2006 454 2076 Α.
473 2027 510 2080 u.
532 2007 580 2072 N.
608 2004 667 2091 T.)
691 2005 730 2072 P.
757 2007 805 2074 11.
829 2026 912 2098 pag.
939 2005 1027 2100 416.
1046 2029 1134 2102 sqq.
1157 2009 1253 2090 hanc

270 2140 449 2216 vocabuli
481 2113 746 2230 (authenticus)
773 2137 1091 2233 significationem
1112 2141 1154 2212 in
1181 2143 1250 2226 illo

270 2279 356 2350 loeo
386 2277 616 2361 Tertulliani,
650 2291 829 2370 tanquam
855 2276 1050 2346 contextui
1068 2277 1250 2348 orationis
1335 2279 1338 2284 ’

231 2401 236 2406 ’
270 2411 498 2484 contrariam
522 2409 690 2482 reiecisse
707 2428 817 2506 atque
832 2390 1057 2482 sententiam
1071 2410 1179 2484 Rich.
1197 2413 1252 2482 Si·

268 2551 404 2631 monis,
430 2547 498 2643 qui
514 2569 651 2646 graeca
664 2549 887 2642 exnnplaria
902 2525 987 2617 vult
1000 2546 1178 2643 intelligi,
1195 2572 1251 2616 re-

270 2680 472 2752 focillasse.
525 2678 756 2774 Arg'umenta
777 2680 878 2750 enim
902 2697 982 2751 not.
1004 2707 1038 2773 7.
1057 2705 1140 2776 pag.
1161 2703 1248 2778 420.

268 2815 381 2900 allata
396 2837 478 2913 non
498 2813 578 2882 eius
597 2829 685 2882 sunt
709 2814 853 2910 generis
880 2831 943 2884 aut
973 2815 1171 2908 ponderiS,
1204 2834 1250 2888 ut

268 2946 622 3043 interpretationem
646 2947 722 3018 loci
754 2945 1075 3021 Griesbaclrianam
1106 2952 1247 3024 desera-

269 3107 368 3154 mus.
395 3121 446 3140 -
479 3071 648 3154 Primum
674 3098 854 3178 provocat
880 3081 917 3154 b.
940 3083 1170 3156 Bertlroldtus
1200 3085 1248 3153 ad

267 3219 443 3292 voculam
466 3221 565 3315 ipsae
590 3219 632 3290 in
655 3218 749 3291 serie
773 3217 973 3315 verborurn
995 3216 1242 3302 Tertulliani:

266 3351 380 3450 (apud
403 3377 493 3451 quas
519 3355 718 3445 [ecclesias]
737 3353 839 3448 ipsae
863 3351 1093 3425 authenticae
1117 3351 1245 3434 literae

201 3475 205 3482 ¹
266 3515 399 3565 eorum
414 3489 705 3587 (apostolorum)
734 3490 957 3578 recitantur,
982 3505 1156 3562 sonantes
1178 3513 1246 3562 vo·
1365 3555 1368 3566 ,

266 3651 348 3700 cem
379 3646 416 3698 et
445 3641 721 3722 praesentantes
736 3615 884 3696 'faeiem
917 3624 1243 3720 uniuscuiusque).

266 3761 338 3832 Sed
351 3763 416 3834 illa
434 3763 515 3860 ipse
533 3762 668 3836 vocula
687 3764 784 3858 ipsae
802 3777 1060 3853 suspectant,
1088 3758 1245 3842 revide-

266 3913 330 3966 tur
353 3919 398 3967 ex
420 3901 590 3993 proxime
616 3873 921 3993 praecedentibus
946 3895 1090 3974 verbis:
1129 3921 1243 3992 „per-
