2752 4790
18 567 19 572 ’
126 569 246 638 menti
264 562 502 648 referendum
518 581 616 649 esse,
641 562 777 638 iterum
791 535 1020 657 vindicavit,
1048 587 1102 640 to-

39 777 47 790 ,
125 717 278 798 tamque
305 705 404 772 hano
438 698 655 792 pericopam
682 703 872 774 Petrinum
904 727 1008 774 more
1036 726 1102 773 suo

121 837 231 909 docte
253 861 295 909 ac
321 837 510 926 eleganter
533 832 760 917 illustrarim
786 857 1103 931 quammmmen.

120 973 319 1042 tationem
343 963 445 1034 haud
469 963 550 1035 aino
569 961 699 1034 fructu
730 967 917 1040 conferent
946 974 1102 1042 lectores

123 1099 417 1199 programmatis
429 1095 715 1169 Griesbaohiani.
746 1099 1103 1188 Mirariautemaub.

129 1239 185 1322 it,
220 1233 386 1330 quamvis
426 1238 514 1306 Van.
550 1235 748 1330 Knoppiua
774 1235 851 1304 hoo
875 1257 1111 1330 programma

124 1395 214 1468 prae
230 1369 429 1454 modestia,
456 1368 499 1438 ni
519 1365 652 1454 fallor,
686 1391 736 1438 ne
761 1391 849 1440 cum
879 1369 1112 1444 Griesboclrio

118 1527 291 1602 pugnare
314 1505 412 1577 velle
437 1501 638 1591 videretur,
665 1504 820 1578 silentio
838 1505 1105 1601 praeteriisset,

112 1639 398 1717 Griesbachittm
416 1637 458 1709 in
473 1639 589 1710 altera
605 1637 768 1712 editione
792 1639 905 1712 hui'us
920 1642 1109 1736 prolusio·

117 1779 181 1850 nis
199 1778 242 1848 in
259 1778 386 1849 locum
402 1775 621 1860 Petrinum,
661 1785 753 1870 qtiae
769 1779 812 1847 in
827 1778 911 1849 vol.
930 1779 991 1849 VI.
1009 1792 1107 1850 com·

91 1952 95 1964 ·
117 1915 386 1986 mentationum
398 1901 690 2012 'theologicorum
705 1911 824 2006 (Lips.
846 1915 974 2010 1799.)
987 1912 1107 1985 conti·

120 2065 260 2130 netur,
299 2048 450 2116 nullam
480 2048 591 2141 plane
628 2061 936 2143 argumentorum
965 2069 986 2115 a
1013 2051 1106 2118 Van.
1199 2085 1201 2090 ·

122 2183 304 2277 Knoppr'o
320 2183 549 2276 prolatorum
566 2182 755 2256 rationem
771 2180 952 2252 habuisse.
979 2211 1031 2236 -υ
1221 2158 1226 2176 “

111 2333 115 2342 ·
225 2321 273 2388 In
302 2321 453 2415 septima
478 2320 591 2392 huiu'e
632 2318 841 2392 voluminis
882 2331 1110 2389 commenta-

117 2451 227 2524 tione
242 2453 354 2548 (XIV'
374 2481 411 2552 P·
431 2475 503 2554 24Ῑ
515 2456 659 2551 -56),
687 2477 782 2549 quae
795 2446 1033 2546 programma
1050 2456 1105 2520 10.

19 2617 20 2620 ¹
120 2609 244 2658 nense
266 2593 439 2682 paschale
465 2574 610 2680 (1'733.)
635 2588 830 2662 continet,
869 2580 1114 2672 inquiritur't‘n

125 2717 275 2816 fontes,
303 2723 396 2788 unde
413 2719 675 2813 Evangelisttze
688 2737 774 2784 suos
795 2713 839 2784 de
859 2715 1112 2786 resurrectione

126 2847 290 2916 Domine·
315 2833 541 2940 narrationes
573 2846 840 2922 hauserint-
873 2857 1111 2946 Quantopere
1158 2915 1167 2932 ,

129 2953 348 3075 hucueque,
374 2987 577 3062 recentiore
593 2985 812 3084 praesertim
826 3003 966 3073 aetate,
993 2983 1111 3079 inpri-

125 3117 202 3190 mis
224 3113 267 3186 in
273 3109 497 3214 fragmentis
516 3123 854 3223 Guelpherbytanis,
881 3119 973 3192 fides
989 3120 1112 3191 Evan-

130 3253 352 3350 gelistarum
380 3241 633 3330 in'enarranda
652 3259 812 3332 historia
829 3253 1109 3329 resurrectionis

131 3395 162 3462 1.
197 3393 239 3460 Ο.
273 3387 497 3482 impugnata
539 3389 604 3479 tit,
645 3395 745 3466 inter
780 3417 911 3466 omnes
945 3397 1109 3463 'constat

132 3529 256 3618 Quare
278 3521 423 3594 Auctor
454 3521 569 3591 huius
605 3528 887 3622 programmatis
918 3517 1112 3598 celeberri-

130 3681 218 3732 mus
244 3657 440 3755 ingeniose
461 3655 616 3730 detectio
637 3657 808 3763 fontibne
832 3662 968 3732 harum
989 3675 1111 3724 narra-

135 3791 285 3864 tionum
303 3795 444 3890 optime
459 3793 600 3867 meruit
615 3791 661 3862 de
674 3793 899 3886 vindicanda
916 3789 1112 3883 Etvangeli-

137 3939 276 4002 starum
295 3929 398 4034 fide,
430 3923 585 4008 'efiamri
612 3949 696 4005 non
723 3925 852 4000 omnia
875 3947 916 4012 ao
949 3923 1110 4024 ringula,
