2752 4790
21 381 34 432 l

21 445 52 527 A.

567 415 672 456 Lxxnr

21 575 23 604 .
136 582 240 631 cesse
259 581 330 650 est,
365 562 463 634 falso
482 564 735 658 permultaN.
755 573 797 642 T.
815 571 897 642 loca
916 595 936 640 a
936 575 1112 646 Theolo-

21 749 24 846 l

133 691 194 786 gis
211 694 256 766 'ad
272 697 508 790 probandam
533 697 832 792 theopneustiam
858 702 987 774 referri
998 709 1120 802 ,qui-¹

21 853 22 916 3
133 823 243 898 bus
232 830 405 924 rnsignes
429 827 543 942 modo
577 827 839 906 describuntur
861 835 1044 911 effectus'
1032 873 1117 940 rvrp

131 992 232 1054 γειας
267 959 366 1052 Spir.
399 964 434 1029 S.
472 985 537 1054 per
560 979 683 1032 totam
707 954 973 1058 Apostolorum
995 978 1113 1048 vitam

136 1091 328 1162 duraturi.
391 1099 575 1190 Quorsum
605 1097 776 1192 primurn
813 1103 1004 1194 pertinent
1033 1113 1116 1183 loca

137 1226 340 1322 Evangelii
356 1230 521 1318 Ioannis,
549 1231 688 1325 quibus
703 1239 810 1307 Iesus
825 1237 1021 1331 Apostolis
1036 1265 1118 1336 pro·
1201 1234 1205 1243 ¹

21 1379 22 1392 ¹
136 1359 241 1430 misit
260 1343 367 1438 altor
383 1373 633 1464 angariatur(
670 1374 790 1464 Quare
802 1373 893 1444 haec
909 1377 1123 1451 accuratius

130 1496 394 1570 examinantur
428 1499 473 1570 ab
498 1501 663 1573 Auctore
687 1504 730 1576 in
752 1507 938 1602 particule
957 1514 1120 1586 secunda

127 1632 184 1726 (p.
196 1655 281 1725 312.
294 1637 406 1731 sqq.),
422 1653 533 1733 atque
549 1656 627 1710 tam
642 1641 836 1736 perspicue
851 1645 1113 1740 explanantur,

128 1785 269 1841 utnon
287 1772 430 1865 possim
449 1799 532 1845 non
557 1774 669 1869 plane
696 1780 884 1870 accedere,
928 1785 1048 1856 solam
1080 1787 1113 1886 si

21 1903 40 1968 f
128 1906 322 2000 exceperis
339 1903 538 1980 notitnem
554 1942 618 1988 eoo
635 1923 854 2015 παρακλητου
877 1917 1074 2012 Apostolic
1091 1947 1113 1996 a

130 2043 221 2108 lesu
246 2042 448 2132 promissi,
475 2045 517 2115 in
545 2071 616 2142 qua
644 2041 873 2118 efformanda
893 2050 1053 2138 Auctor,
1078 2063 1112 2127 1.

21 2235 22 2262 .
129 2175 182 2244 A.
193 2179 401 2250 Ernestium
423 2188 499 2254 etl.
515 2181 566 2254 D.
585 2182 807 2257 Michaelem
826 2185 1018 2281 sequutus,
1034 2187 1116 2263 vim·

130 2311 296 2386 doctoris
314 2315 429 2390 verbo
446 2318 604 2391 subiecit
612 2323 635 2410 ,¹
651 2346 773 2417 quum
782 2321 879 2394 mihi
897 2348 983 2395 cum
999 2331 1113 2398 Moro
1151 2429 1155 2436 ι
1189 2347 1192 2354 “
1224 2357 1227 2364 ⁴

125 2447 287 2545 aliisque
303 2454 576 2528 recentioribus
593 2456 865 2552 interpretibus
883 2481 930 2524 ex
943 2459 1033 2525 loco
1050 2483 1115 2550 pa-

21 2639 22 2644 .
125 2586 260 2655 rallelo
290 2595 483 2674 1.10.11,
521 2615 554 2661 1.
584 2592 696 2658 notio
729 2587 908 2656 adiutoria
940 2583 1114 2660 videatur

125 2739 211 2783 esse
232 2717 484 2806 praeferenda.
509 2755 562 2770 -
588 2717 713 2789 Simili
739 2717 883 2788 ratione
906 2719 1047 2793 Auctor
1070 2723 1113 2796 in

126 2845 318 2942 particula
342 2853 448 2923 tertia
470 2851 524 2948 (p.
549 2874 634 2946 318.
659 2855 759 2952 sqq.)
776 2855 919 2952 reliqua
943 2825 1109 2933 recenset

126 2983 222 3054 loca
242 3003 287 3050 ex
307 2985 515 3082 Evangeliis
539 2993 744 3082 Matthaei,
780 2995 901 3064 Marci
919 3013 957 3065 et
971 3003 1106 3082 Lucae,

125 3139 303 3188 necnon
331 3139 378 3186 ex
404 3123 566 3210 epistolis
584 3129 933 3235 Apostolorumatl
957 3127 1111 3204 demon-

127 3251 319 3324 strandam
347 3253 541 3348 vulgarem
568 3265 852 3361 theopneu'stiae
874 3267 1062 3342 rationem
1089 3295 1109 3339 a

127 3387 322 3459 veteribus
355 3389 564 3486 Theologis
590 3401 724 3491 petita,
759 3423 876 3497 eaque
900 3405 1108 3474 accuratius

131 3523 341 3609 examinat;
379 3525 483 3597 unde
505 3525 576 3596 sub
600 3531 711 3606 finem
736 3555 835 3608 recte
856 3537 1021 3633 colligit,
1048 3559 1110 3610 ve-

21 3669 23 3676 ·
128 3679 212 3738 rum
240 3661 379 3731 horum
410 3664 588 3734 locorum
612 3671 762 3743 se'nsum
784 3675 900 3769 longe
931 3671 1056 3740 abesse
1090 3697 1109 3744 a

132 3795 278 3888 vulgari
297 3797 580 3892 theopneustiae
595 3803 773 3894 notione,
801 3829 915 3900 quam
940 3803 1028 3876 inde
1050 3805 1106 3882 in-

135 3920 290 4002 formare
310 3919 539 4010 studuerunt
560 3957 704 4014 veteres
724 3939 919 4036 Theologi.
938 3979 987 4000 ·-
1004 3949 1104 4024 Prae-
