2722 4806
545 368 650 416 LXXXV

103 563 236 619 auctor
260 533 443 638 epistolae
460 525 506 596 ad
522 521 695 603 Ebraeos,
722 537 797 610 quo
813 506 1078 608 praestantiam

16 711 17 780 j
102 678 302 778 religionis
337 661 561 741 christianae
596 673 686 746 prae
720 645 889 720 Mosaica
922 642 1079 724 doceret,

16 827 17 834 ’
102 825 232 890 Iesum
241 807 440 882 Christum
460 813 546 864 oum
553 789 680 868 Mose,
699 772 1082 859 sacudotibusludae·

16 1003 18 1020 ,
103 975 242 1028 orum,
270 929 451 1028 inprimis
467 916 731 1019 pontificibus,
758 912 905 1004 eiusque
921 926 1082 980 mortem

16 1103 18 1188 ξ
107 1107 200 1156 cum
234 1065 424 1146 sacrificiis
448 1085 467 1129 a
493 1043 827 1128 Moseinstitutis
860 1064 1084 1133 comparare·
1185 1099 1187 1106 ,

16 1277 18 1318 ‚
109 1217 178 1289 rit.
232 1201 360 1279 Iudaei
388 1195 488 1272 enim
502 1190 555 1262 ad
587 1185 701 1262 fidem
735 1176 979 1250 christianam
1010 1194 1089 1266 per-

16 1419 18 1438 ,
109 1342 216 1423 ducti
239 1355 344 1412 tanto
358 1329 496 1430 patriae
519 1317 719 1418 religionis
743 1335 869 1388 amore
893 1328 932 1380 et
949 1305 1092 1380 deside-

16 1535 17 1602 3
108 1489 167 1559 rio
185 1477 423 1556 tenebantur,
448 1481 493 1536 ut
509 1481 610 1536 sacra
628 1451 840 1536 christiana,
870 1471 890 1518 a
911 1443 1092 1518 caerimo-

16 1615 18 1718 ζ
105 1622 260 1692 uiarum
278 1627 419 1707 pompa
442 1593 693 1678 alienissima,
724 1584 858 1661 multis
882 1577 1087 1663 institutis,

16 1855 18 1870 .
111 1753 247 1852 quibus
270 1739 476 1819 Israelitica
497 1727 638 1824 religio
657 1719 1001 1803 commendaretur,
1029 1735 1086 1784 ca·

16 1957 18 1982 ,
111 1914 191 1962 rere
215 1905 323 1979 aegre
350 1876 508 1948 ferrent.
556 1859 736 1956 Inprimis
759 1854 996 1932 inauditum,
1020 1870 1087 1918 ne·

16 2003 17 2026 i
113 2025 210 2095 dum
235 2018 419 2088 absonum
431 1999 649 2082 videbatur,
691 1990 915 2085 religionem
930 1984 1091 2054 cultum·

117 2182 194 2257 que
217 2147 396 2224 Numinis
431 2163 508 2212 esse
537 2153 649 2232 posse
672 2125 812 2219 absque
829 2111 1093 2196 sacerdotibus,

116 2289 291 2387 tempIiS,
327 2277 525 2362 altaribus,
565 2261 752 2348 victimis,
792 2223 1091 2348 lustrationibus

117 2431 275 2524 aliisque
299 2420 414 2493 huius
438 2406 587 2510 generis
612 2399 769 2478 ritibus,
803 2389 943 2483 quibus
972 2377 1098 2470 religi·

117 2565 202 2638 onis
224 2579 413 2631 summam
433 2539 625 2616 contineri
646 2527 820 2624 plerique
846 2509 1099 2586 autumabant.

120 2705 245 2788 Quare
260 2687 416 2756 nechao
434 2663 748 2742 caerimoniarum
767 2652 984 2743 rituumque
997 2665 1103 2740 pom·

122 2851 193 2926 pa,
230 2817 292 2891 sed
316 2810 438 2886 multo
466 2795 705 2902 perfectiori,
745 2811 858 2886 eaque
882 2785 957 2856 iam
979 2809 998 2856 a
1023 2779 1099 2876 piis

123 2955 282 3037 vatibus
297 2950 520 3020 Ebraeorum
537 2931 786 3014 annunciata,
813 2945 932 2996 carere
947 2915 1100 3010 religio·

126 3119 216 3172 nem
233 3079 493 3188 christianam,
518 3073 739 3174 ingeniosus
759 3059 939 3159 epistolae
955 3065 1100 3132 auctor,

108 3228 260 3334 ‚multis
285 3245 333 3292 ex
359 3212 478 3288 veteri
494 3207 708 3286 oeconomia
726 3195 905 3272 adhibitis
925 3183 1103 3284 imagini·

129 3372 221 3452 bus,
249 3350 452 3431 artificiose
469 3369 516 3416 ex
533 3345 679 3415 Iudaico
695 3329 879 3430 temporis
897 3326 1005 3400 illius
1021 3337 1104 3388 mo·

133 3529 172 3576 re
187 3489 430 3589 comprobare
447 3477 587 3555 studet.
635 3475 684 3581 ht
702 3471 860 3544 subsunt
878 3460 964 3534 istis
980 3467 1109 3523 rerum

135 3625 393 3734 spiritualium
418 3610 648 3712 imaginibus
673 3603 890 3678 verissimae
915 3576 1108 3674 descripti-

138 3797 225 3845 ones
246 3758 540 3837 beneficiorum,
576 3765 670 3843 quae
682 3747 768 3812 Iesu
782 3733 958 3808 Christe,
985 3721 1110 3788 Serva·

618 3882 751 3973 Itaque
765 3891 823 3940 res
835 3857 958 3935 omnis
973 3879 1016 3928 co
1032 3849 1110 3924 red„

142 3905 219 3980 tori
233 3887 390 4000 optimb,
399 3892 587 3964 debemus.

142 4046 192 4126 it,
237 4055 282 4110 ut
304 4029 485 4128 imagines
506 4028 599 4098 istae
621 4032 719 4091 recte
745 4002 977 4104 explicentur
1001 4011 1112 4092 atque
