2752 4790
724 347 767 392 tm

260 503 416 602 reliquis
434 502 603 576 ecclesiis
622 496 854 595 apostolicis.
909 495 1036 595 Ita'que
1052 503 1086 572 si
1103 528 1240 576 remex

258 639 482 712 auctoritate
504 643 659 710 Patrum
683 625 850 702 iudicare
871 631 971 722 licet,
1000 637 1111 724 idem,
1140 639 1241 734 quod
1334 618 1336 637 ’

260 797 434 850 romanae
449 773 548 848 sedis
566 771 722 846 clientes
733 791 779 838 ex
791 768 1009 840 auctoritate
1023 776 1164 843 Irenaei
1179 773 1240 842 ad·
1345 786 1351 805 ¹

261 909 433 998 firmant,
458 933 576 1007 aequo
599 906 683 978 iure
707 927 756 977 ex
780 903 1001 976 auctoritate
1032 909 1242 981 Tertulliani
1334 918 1341 930 '

260 1061 445 1118 nostrates
466 1060 619 1141 negant.
673 1055 676 1064 '

361 1183 503 1254 Verum
521 1177 623 1278 enim
637 1191 726 1242 vero
751 1169 1027 1283 θνιέεὸασῖιίιιε,ί
1040 1175 1167 1247 missis
1183 1175 1243 1261 iis,

264 1339 357 1412 quae
390 1315 589 1390 hactenus,
633 1301 727 1372 duco
752 1302 998 1396 potissimum
1024 1306 1246 1396 Moderatio,
1356 1317 1361 1344 ⁴

264 1463 394 1520 contra
420 1435 762 1536 argumentationes
784 1460 805 1505 a
829 1439 1001 1507 Romano
1018 1439 1245 1512 -catholicis
1340 1431 1345 1438 ’

263 1603 310 1650 ex
339 1579 412 1646 hoc
435 1575 578 1648 Irmaai
602 1572 688 1642 loco
717 1586 877 1642 structas
900 1572 1139 1661 monuimus,
1167 1597 1244 1669 quo

262 1714 419 1782 lectores
439 1733 542 1795 rem,
569 1707 614 1778 de
631 1730 703 1804 qua
723 1705 951 1802 disputatur,
978 1707 1115 1779 rectius
1130 1707 1246 1780 intel-

262 1847 403 1941 ligant,
430 1844 544 1940 aliam
561 1842 665 1916 viam
684 1842 727 1912 in
743 1843 815 1913 hoc
829 1861 1105 1940 programmate
1121 1843 1167 1913 ad
1183 1845 1244 1912 de-

262 1979 439 2050 struenda
458 1994 678 2076 argumenta
699 1975 883 2049 obntraria
905 1975 1134 2074 ingreditor,
1161 1997 1246 2048 tum

184 2141 188 2149 ·
263 2114 484 2187 declarando
523 2137 614 2186 vero
645 2137 750 2186 nexu
782 2115 1055 2185 sententiarum
1089 2114 1247 2202 Irenaei,

263 2264 344 2318 tum
358 2247 576 2342 corrigenda
591 2245 719 2342 inepta
734 2248 908 2320 versione
929 2248 1041 2318 latini
1063 2249 1246 2341 interpre-
1261 2281 1264 2288 ·

237 2381 325 2454 »tis
343 2403 410 2440 '··-
442 2379 640 2453 Nimirum
667 2383 839 2454 Gnostici
861 2384 1067 2497 negabant,
1108 2381 1246 2452 verita·
1312 2361 1317 2371 ⁸

176 2565 179 2572 ·
264 2515 342 2587 tem
359 2540 470 2610 posse
487 2516 682 2610 scripturis
697 2517 866 2588 inveniri
890 2517 934 2587 ab
952 2518 1012 2604 iis,
1041 2517 1107 2612 qui
1123 2515 1246 2600 nesci-

265 2651 613 2722 ant³traditionem
683 2651 869 2722 Catholici
894 2675 943 2721 ne
973 2655 1068 2721 hanc
1095 2651 1248 2748 quidem
1308 2687 1311 2698 ·

262 2762 526 2856 conditionem
553 2784 765 2856 recusantes
780 2785 826 2857 ad
840 2764 968 2856 veram
991 2787 1248 2878 provocabant

267 2918 510 2991 traditionem
538 2919 805 3013 apostolicam,
840 2943 934 3015 quae
961 2943 1026 3014 per
1048 2921 1248 2994 successio·
1346 2925 1351 2934 “

265 3078 331 3126 nos
358 3025 626 3150 opiscoporum
665 3053 914 3156 custodiatur.
961 3054 1120 3128 ¹Primos
1143 3053 1246 3124 enim

267 3188 438 3261 doctores
464 3190 706 3262 ecclesiarum
743 3192 1031 3286 apostolicarum
1071 3187 1248 3281 plenissi-

266 3347 326 3394 me
345 3322 390 3392 ab
408 3325 603 3419 Apostolis
621 3325 740 3399 fuisse
753 3326 995 3408 instructos‚·
1017 3339 1129 3416 atque
1152 3325 1249 3396 hanc
1334 3409 1338 3418 g

267 3458 388 3554 ipsam
403 3459 614 3533 doctrinam
633 3463 878 3556 apostolicam
898 3483 987 3558 pure
1011 3456 1129 3530 fuisse
1161 3483 1249 3530 con-
1326 3449 1332 3458 ’

267 3613 452 3670 servatam
472 3619 539 3690 per
565 3597 837 3671 successionem
868 3595 1134 3691 episcoporrun
1148 3619 1248 3664 nun-

220 3731 223 3736 ’
268 3751 378 3822 quam
406 3731 667 3826 interruptam.
720 3737 777 3804 Ita
805 3749 842 3802 et
868 3748 1148 3828 argumentatur
1173 3737 1249 3801 Ire·

272 3887 391 3935 naeus.
417 3865 760 3962 ·Quoniamautem
773 3865 1057 3966 valde-longum
1070 3881 1177 3951 esset,
1191 3865 1250 3936 in·
