2752 4790
714 369 814 418 txxw

227 569 231 578 ·
280 550 378 612 terea
398 535 439 602 in
458 529 641 628 particula
656 536 791 620 quarta
817 521 871 612 (p.
894 541 978 626 323,
995 525 1090 616 sqq.)
1109 495 1261 604 demofi.
1366 545 1367 594 3

282 687 396 757 strat,
424 668 542 768 multa
563 663 607 736 ab
626 660 674 732 iis
698 656 745 728 ad
765 655 1068 760 theopneustianr
1093 657 1261 766 strictius

284 807 338 880 sic
357 803 492 874 dictam
504 799 622 872 fuisse
635 795 761 878 relata,
780 813 872 886 quae
883 790 993 862 sacris
1003 791 1138 876 literis,
1156 792 1263 886 quip-

285 965 333 1034 pe
350 961 445 1034 quae
467 935 622 1008 modum
650 928 705 1000 rei
731 949 919 1022 nusquam
943 924 1121 1034 distincte
1143 926 1262 1014 deela-

289 1092 384 1158 rent,
403 1071 622 1167 neutiquam
635 1059 934 1158 repugnantibus
945 1059 989 1130 ab
1001 1059 1267 1132 ordinariaDei

184 1211 189 1233 '
285 1207 523 1302 providentia
543 1197 702 1272 derivari
719 1192 878 1266 omnino
896 1201 1017 1286 poss'e,
1030 1163 1133 1264 salva
1151 1193 1266 1264 libro·
1305 1225 1309 1233 ·

281 1369 369 1416 rum
387 1337 684 1435 apostolicorum
701 1325 921 1398 auctoritate
938 1324 1085 1408 divina,
1113 1327 1266 1398 videam.

276 1499 357 1552 tur.
393 1481 512 1570 Quam
532 1463 890 1542 commentationem
905 1459 947 1529 in
968 1459 1152 1554 particula
1169 1466 1268 1558 quin·

283 1632 324 1682 aa
337 1615 438 1704 (pag.
451 1625 544 1703 344.
562 1605 660 1697 sqq.)
678 1598 877 1671 continuat
891 1597 1054 1681 Auctor,
1082 1611 1194 1690 atque
1210 1619 1266 1665 ra-

284 1743 456 1834 tionibus
473 1742 547 1812 rite
562 1734 770 1822 subductis,
789 1731 998 1827 additisque
1014 1733 1066 1826 (p.
1088 1736 1173 1824 356.
1192 1733 1265 1826 sq.)
1366 1741 1367 1744 ’

275 1879 482 1970 nonnullis
498 1873 724 1964 corollariis,
746 1868 882 1967 quibus
899 1867 992 1941 fines
1009 1869 1265 1962 inspirationis.

276 2015 433 2112 proprie
460 2013 513 2086 sic
537 2011 677 2096 dictae,
713 2005 877 2080 curatius
903 2002 1182 2090 describantur,
1208 1999 1264 2106 'ad

271 2152 398 2246 „finem
423 2151 655 2244 deproperat.
680 2183 731 2202 -··

359 2284 532 2380 Quibusa
546 2280 776 2354 Grierbucbio
789 2301 857 2374 pro
873 2276 1003 2354 aetatis
1014 2299 1100 2346 suae
1117 2273 1263 2352 ratione

272 2448 326 2512 ..ao
343 2419 490 2516 ingenii
505 2416 565 2488 sui
585 2416 743 2490 modulo
762 2415 869 2486 docte
887 2430 925 2482 et
940 2410 1085 2508 egregie
1101 2405 1261 2479 monitis

272 2556 472 2650 nonnulla
508 2577 611 2622 nunc
653 2552 697 2621 de
732 2553 802 2625 hac
830 2547 1053 2656 *gravissima
1095 2541 1264 2613 doctrina

275 2693 485 2785 ¹adiungere
505 2713 571 2782 pro
587 2686 718 2786 aetatis
737 2701 887 2784 ‘nostrae
905 2681 1051 2752 ratione
1066 2703 1108 2774 ao
1121 2675 1263 2760 indole,
1366 2641 1367 2648 ἵ

280 2824 387 2896 -varia
412 2825 478 2892 illa
502 2822 654 2916 quidem
673 2838 711 2890 et
735 2815 991 2900 multiformi,
1018 2814 1119 2885 haud
1137 2811 1199 2885 abs
1226 2835 1266 2880 ra

286 2983 364 3040 esse
381 2956 552 3053 equidem
573 2957 749 3052 putarim.
776 2991 827 3008 ·-
853 2951 892 3022 Si
917 2951 1036 3058 solam
1054 2945 1265 3047 grammati-

272 3119 367 3172 .cam
379 3141 393 3182 ,·
417 3117 529 3188 quam
547 3111 700 3180 vocant„
728 3087 1002 3182 interpretandi
1018 3088 1201 3160 rationem
1221 3081 1265 3174 in

241 3322 245 3331 Ι
281 3229 494 3309 formandis
533 3229 756 3302 notionibus
792 3223 1018 3322 theologicis
1048 3221 1100 3287 ita
1136 3237 1265 3310 sequa-

185 3401 188 3410 ·
286 3376 391 3454 mur',
426 3384 470 3438 ut
491 3391 623 3440 verum
647 3368 819 3458 locorum
840 3367 889 3432 N.
915 3367 957 3430 T.
979 3376 1129 3430 sensum
1145 3351 1266 3420 histo·

286 3507 428 3592 ritum,
455 3503 567 3574 modo
597 3503 667 3572 rite
691 3519 728 3572 et
750 3499 918 3597 legitime
939 3491 991 3573 sit
1017 3505 1167 3574 erutus,
1194 3511 1262 3580 pro

288 3664 422 3728 norma
444 3637 531 3709 fidei
562 3655 713 3712 nostrae
742 3635 901 3708 firmiter
928 3625 1146 3712 habeamus,
1183 3622 1261 3710 vix,
1366 3609 1367 3614 ἵ

271 3801 330 3849 ac
346 3799 394 3848 ne
410 3775 477 3848 vix
496 3773 660 3870 quidem,
688 3773 887 3868 quicquam
905 3761 1159 3846 inveniamus,
1188 3781 1263 3855 quo

291 3910 529 4004 ingeniosam
547 3935 588 3982 ac
612 3909 789 4010 speciosis
818 3899 1050 3998 argumentis
1076 3896 1264 3969 munitam
