2752 4790
562 379 658 423 txxtx
1039 327 1055 368 ἱ
1092 377 1097 386 “

23 609 24 612 ,
115 540 311 610 ascendum
338 537 413 610 sibi
448 527 547 617 esse,
584 549 695 625 atque
718 535 763 604 ab
793 538 1092 632 philosophandi

110 677 153 748 de
168 663 355 774 religione
371 689 527 774 prorsus
548 665 831 757 abstinendum,
867 673 1034 768 solisque
1051 677 1093 744 li·

109 815 200 886 teris
217 811 334 884 sacris
353 803 581 878 credendum
599 799 726 895 iisque
737 801 886 878 lirmiter
899 809 1095 882 inhaeren-

114 949 207 1020 dum
231 942 448 1025 existimet,
477 937 511 1007 is
537 959 624 1010 sane
649 935 790 1008 melius
818 942 890 1009 sibi
912 950 1091 1034 consulet,

112 1107 167 1156 ne
199 1103 289 1150 cum
314 1073 404 1171 ipsis
427 1073 549 1145 literis
583 1071 697 1146 sacris
726 1095 895 1168 pugnare
917 1077 1095 1166 videatur,

118 1216 155 1290 si
171 1215 212 1286 in
227 1227 344 1308 partes
368 1207 589 1284 Griesbaclrii
605 1209 717 1303 plane
740 1208 954 1296 descendit,
991 1237 1101 1308 quam

121 1351 155 1424 si
177 1347 221 1419 ad
246 1345 445 1442 opiniones
469 1361 641 1416 veterum
664 1345 932 1442 theologorum
956 1347 1101 1422 dudum

115 1487 324 1557 decantatas
339 1500 450 1578 atque
463 1483 639 1575 'explosas
655 1481 819 1553 redierit.
848 1521 898 1540 -
923 1485 1100 1582 Denique

113 1619 317 1694 historiam
338 1617 532 1689 doctrinae
550 1615 594 1686 de
611 1617 846 1712 inspiratione
863 1623 897 1690 S.
923 1623 958 1690 S.
985 1639 1096 1718 atque

108 1757 257 1855 ‘placita
273 1753 810 1848 recentiorumtheologmum,
828 1755 928 1826 varia
939 1757 1004 1827 illa
1016 1759 1096 1854 qui·-

112 1895 222 1978 dem,
249 1891 414 1963 breviter
432 1889 617 1960 delineata
640 1888 727 1958 vide
748 1891 798 1961 sis
825 1889 866 1960 in
898 1895 1098 1991 Wegsclrei·

116 2030 218 2114 deri,
252 2026 329 2096 viri
364 2007 508 2097 summe
533 2023 757 2108 venerandi,
791 2023 1098 2098 institutionibus

115 2161 337 2258 theologiae
358 2134 579 2234 christianae
598 2157 829 2257 dogmaticae
845 2157 899 2231 ed.
916 2163 978 2232 IV.
994 2160 1095 2253 (Hal.
1116 2216 1124 2225 .

117 2301 621 2404 1324.)pag·187·sqq···
744 2427 747 2433 Ι

220 2436 501 2506 commentatio
529 2435 718 2507 undecima
745 2435 886 2522 (x-xn.
911 2432 998 2522 pag·
1025 2451 1097 2522 358

110 2606 162 2625 ...
180 2571 288 2667 425.)
321 2571 397 2640 duo
433 2583 715 2660 programmata
735 2561 1013 2680 'pentecostalia
1054 2567 1100 2654 (a.

115 2723 234 2792 1739.
253 2719 292 2766 et
318 2699 445 2791 1790.)
462 2694 748 2789 complectitur,
776 2693 912 2790 quibus
937 2697 1100 2800 Griecba-

101 2833 223 2908 'chius
249 2829 491 2928 Evangelium
523 2833 653 2905 Marci
672 2847 791 2903 totum
816 2855 834 2902 e
858 2834 1044 2906 Matthaei
1064 2853 1100 2905 ec

114 2979 246 3043 Lucae
263 2971 519 3039 commentariis
536 2970 745 3064 decerptum
762 2993 833 3041 esse
848 2968 1100 3041 demonstrare

116 3098 270 3197 sategit.
326 3103 509 3170 Prooemii
544 3107 630 3176 loco
661 3104 814 3178 brevem
838 3104 1097 3200 antiquiorum

117 3235 297 3311 ecclesiae
314 3231 514 3302 doctorum
529 3237 570 3306 cle
588 3240 730 3336 origine
754 3241 952 3336 Evangelii
975 3242 1099 3312 Marci

117 3371 397 3444 sententiarum
422 3367 616 3440 historiam
636 3374 840 3468 praemisit.
892 3375 1100 3443 Primuma

115 3513 241 3606 Papia
259 3506 347 3576 inde
363 3503 531 3576 invaluit
555 3509 756 3594 sententia,
783 3513 979 3588 Marcum,
1009 3493 1101 3598 quae

120 3651 281 3726 aPctro
307 3639 532 3727 audivisset,
575 3637 693 3712 literis
716 3643 936 3724 mandasses
969 3637 1102 3708 deinde

121 3799 207 3847 vero
224 3778 373 3874 primus
398 3775 529 3847 statuit
549 3777 799 3874 Augustinus:
824 3779 999 3844 Marcum
1022 3789 1098 3844 tan·

122 3931 235 4005 quam
268 3911 533 4006 pedissequum
560 3929 597 3982 et
626 3905 877 3980 breviatorem
902 3906 1098 4006 subsequa.
1160 4009 1163 4019 Ι
1226 3946 1227 3954 1
