2684 4798
273 423 347 498 350
378 423 381 430 ·
476 394 580 470 XXI.
609 396 872 475 Sbicttumttm
889 393 1068 474 inlocum

271 543 670 653 scriberedeerevissent,
693 574 813 652 litteris
829 577 895 640 iam
910 582 1074 646 mandare
1101 581 1273 670 animique

272 703 326 770 sui
343 719 433 766 senaa
448 697 556 764 verbis
577 697 758 786 exprimere
775 697 907 762 veilent.
950 701 1021 762 lam
1042 701 1140 762 enim
1166 722 1264 786 quae·

258 827 410 902 rebatur,
433 839 586 898 onouono
604 813 1097 890 rectissime,·dissinetissi,me,
1122 833 1261 904 etscopo
1324 805 1326 916 i

270 938 577 1011 convenientissime
597 935 668 998 lieri
683 934 717 996 id
733 933 862 1018 posset?
902 936 1002 1019 Quae
1012 937 1154 1022 quidem
1170 958 1260 1024 quse·
1324 927 1326 948 '

271 1061 334 1129 stio
353 1059 539 1142 complures
556 1053 632 1118 alias
649 1056 709 1118 sub
729 1073 764 1115 se
779 1056 948 1131 continet,
962 1057 1084 1130 ‚velate
1107 1056 1191 1143 qnid
1210 1078 1259 1119 err·

270 1175 449 1266 plicatione
466 1171 633 1242 uberiore.
657 1187 713 1236 aut
733 1170 952 1250 illustratione
969 1177 1092 1259 egenti
1113 1174 1200 1260 quid
1217 1195 1259 1237 ar·
1294 1184 1296 1192 ⁴

271 1295 438 1386 gementis
461 1287 664 1366 confirmari,
685 1309 744 1354 seu
770 1291 811 1378 ab
826 1286 1071 1358 obiectionibus
1096 1291 1254 1364 vindicari
1278 1383 1285 1390 ¹

271 1413 413 1496 debenti
445 1409 527 1496 quid
558 1423 669 1502 contra
699 1405 751 1472 hit
773 1405 928 1472 omnibus
957 1431 1064 1476 carere
1088 1427 1120 1474 et
1142 1407 1254 1497 paneis

252 1541 254 1549 ’
272 1533 379 1602 verbis
395 1530 537 1618 perorari
551 1530 674 1623 quenti
696 1529 863 1616 quodnam
881 1535 1197 1616 argumentationum
1221 1541 1253 1589 et

271 1650 530 1718 illustrationum
552 1669 654 1732 genus
671 1649 813 1722 caeteris,
827 1649 890 1712 boe
906 1651 979 1713 loco
1001 1647 1251 1732 praeferendum

273 1771 343 1838 sit‘l
365 1768 445 1854 quid
470 1771 625 1851 proprie,
649 1765 732 1850 quid
757 1786 837 1830 vero
862 1765 986 1850 figurate
1010 1763 1171 1827 enuntiari
1190 1765 1254 1823 de·

269 1887 368 1952 beart
390 1905 552 1972 quasnam
572 1881 828 1962 similitudines,
850 1882 1016 1968 imagines,
1035 1883 1250 1966 metaphorae

269 2019 328 2070 etc.
357 2003 428 2066 aliia
451 1981 679 2090 praeferendae
695 2001 796 2066 rsin't‘?
817 2023 980 2089 quaenam
1001 2002 1131 2086 phrases
1154 2015 1187 2061 et
1205 2003 1247 2062 lo·

271 2118 395 2212 quendi
414 2122 573 2188 formulae
588 2119 754 2206 aptissime
770 2120 1096 2207 adhiberiqueant‘l,
1120 2117 1247 2182 ‘Nimia

270 2243 323 2304 his
341 2241 498 2306 omnibus
512 2256 544 2304 st
561 2237 632 2302 eius
650 2239 779 2322 generis
800 2237 872 2302 aliis
897 2237 1083 2306 iudicandis
1100 2237 1128 2302 si
1141 2255 1247 2322 peeca-

269 2332 319 2424 rei
335 2375 465 2438 auctor,
489 2359 670 2434 parendum
691 2373 779 2432 erat,
796 2377 845 2434 ‚ne
867 2329 1026 2444 exiguum
1048 2371 1102 2420 aut
1117 2357 1245 2417 nullum

160 2461 175 2476 ⁶
271 2477 428 2542 utilitatis
462 2477 606 2542 fruotum
636 2474 726 2540 etali
756 2478 868 2542 libello
892 2495 1059 2562 perperam
1088 2473 1246 2536 intellecto

162 2647 166 2656 .
270 2594 474 2682 perciperent
502 2598 657 2668 lectores,
678 2595 747 2657 imo
764 2594 852 2656 falsis
868 2610 900 2658 et
915 2592 1025 2657 noxiis
1042 2595 1084 2656 de
1102 2591 1247 2657 rebusad
1324 2639 1325 2652 ,

270 2711 464 2798 religionem
496 2709 736 2796 pertinentibus
768 2715 996 2776 imbuerentur
1023 2709 1246 2797 opinionibus.

267 2831 407 2894 Maximi
425 2829 584 2892 momenti
598 2830 708 2906 inisse,
730 2847 768 2892 ut
782 2829 947 2895 eiusmodi
959 2833 1068 2916 lapsus
1082 2847 1248 2894 anctorum

266 2969 451 3023 sacrorum,
473 2947 739 3032 quidivinorutn
758 2945 939 3032 legatorum
965 2971 1137 3034 personam
1161 2946 1249 3013 susti·

267 3067 407 3140 nebant,
431 3079 643 3138 caverentur,
666 3088 764 3130 nemo
781 3065 898 3130 infitias
911 3065 983 3130 ibit.
1029 3069 1094 3132 Sed
1112 3089 1247 3152 quanam

264 3159 393 3267 ratione
420 3185 483 3248 hoc
511 3183 581 3246 fieri
605 3182 751 3269 potuerit
776 3200 820 3275 et·
835 3182 1000 3260 debuerit,
1031 3187 1096 3260 hoe
1123 3201 1189 3256 est.
1211 3188 1247 3247 de

200 3371 204 3376 ¹
267 3319 333 3382 quo
357 3301 548 3386 disputetur.
601 3301 702 3364 Multi
730 3300 867 3388 quidem
892 3302 1036 3389 theologi
1064 3305 1135 3368 sine
1164 3308 1244 3368 theo·

266 3417 438 3502 pneustiae
456 3419 648 3484 adiumento
664 3424 827 3506 apostolos
845 3424 883 3484 ab
895 3421 1012 3487 erroris
1028 3422 1176 3508 periculo
1184 3443 1241 3486 noa

268 3532 345 3602 satis
363 3549 453 3598 tutos
472 3538 573 3604 fuisse
591 3555 773 3604 autumant.
815 3543 987 3604 Eunostra·
1000 3562 1078 3604 vero
1090 3545 1242 3605 sententia
1307 3467 1311 3571 i

164 3733 170 3744 ¹
269 3655 439 3740 scriptores
461 3655 543 3718 ascri
569 3658 764 3743 vel'absque
785 3656 844 3723 itta
867 3658 989 3746 auxilio
1011 3655 1243 3744 supernaturali

184 3803 189 3809 ·
269 3773 455 3840 discernere·
473 3785 601 3837 tantum
618 3795 686 3838 non
710 3795 836 3862 semper
867 3775 962 3838 facile
989 3793 1162 3860 poterant,
1183 3799 1243 3842 noa
1272 3759 1276 3766 ⁵

269 3911 398 3960 tantum
425 3890 512 3976 quid,
535 3891 592 3954 sed
617 3891 715 3953 etiam
743 3895 892 3981 quomodo
914 3892 1055 3956 seribere
1085 3896 1246 3970 delerent,

271 4007 450 4077 dummodo
474 4008 594 4100 purtim
617 4011 778 4084 lentorum
799 4013 947 4090 indolem
973 4027 1006 4078 st
1023 4005 1247 4082 conditionem
