2752 4790
564 395 636 442 avt!
684 392 687 399 '

22 539 24 554 ’
127 554 309 650 glorioso,
343 551 520 631 omnium
536 542 747 618 firmissima
763 571 839 624 esse
859 549 906 621 ad
922 551 1097 626 tuendam

122 688 321 759 veritatem
336 677 537 777 religionis
554 675 776 754 christianae
786 702 1017 780 argumenta,
1034 687 1095 758 uel

122 821 208 916 ipso
222 803 502 926 Apostolorurr'r
515 811 735 884 testimonio
757 819 931 890 certiora:
951 819 1101 892 brevem

120 954 325 1050 praemisit
342 951 487 1018 Auctor
510 943 709 1022 historiam
731 959 811 1017 tum
831 955 1118 1029 connoversiae'

129 1086 323 1167 eutimii,
356 1079 490 1152 famosi
512 1077 619 1150 illius
646 1079 846 1175 religionis
895 1083 1129 1160 christianaa‘

130 1215 350 1300 adversarii,
387 1215 493 1286 cuius
519 1214 679 1322 vestigia
699 1215 765 1284 atii
780 1215 955 1309 deinceps
970 1241 1106 1316 prame-

128 1368 233 1436 rent,
259 1349 447 1445 depretia
472 1348 661 1420 vaticiniis
679 1354 724 1424 V.
753 1355 796 1427 T.
824 1348 870 1420 de
893 1355 979 1422 Iesu
1003 1351 1111 1426 chri·

22 1549 24 1586 s
121 1502 184 1558 sto
202 1486 420 1570 statuend03
446 1502 531 1556 tum
550 1484 739 1558 dissensus
763 1485 936 1579 ipsorum
960 1487 1109 1560 theoto-
1139 1493 1145 1502 '

22 1657 24 1660 ·
117 1644 278 1718 goram,
330 1639 411 1692 tam
438 1619 669 1716 Anglorum,
714 1643 827 1717 quarn
858 1623 1102 1712 nostratium,

22 1819 23 1822 ,
119 1757 237 1828 etiam
258 1757 531 1844 recentiorum,
567 1755 610 1825 in
632 1754 920 1851 interpretandis
939 1755 1103 1853 singulis

120 1893 197 1964 hoc
226 1893 313 1966 loco
342 1891 467 1964 obviis
494 1889 679 1986 toquendi
712 1887 907 1978 formulis,
942 1892 1105 1968 laudatis

117 2027 283 2120 singuiis
299 2051 433 2097 eorum
446 2025 555 2098 libris
571 2027 647 2096 huc
660 2025 947 2119 pertinentibus.
974 2033 1105 2119 Itaqua

123 2161 437 2254 operaepretium
462 2185 501 2234 se
535 2159 728 2233 facturum
759 2177 900 2254 sperat,
944 2157 977 2230 si
1001 2158 1107 2234 surra

117 2294 242 2390 ipsius
251 2297 473 2372 sententiam
488 2296 533 2366 de
547 2322 639 2371 vero
656 2297 769 2370 huius
785 2295 981 2392 pericopae
991 2319 1106 2370 sensu

23 2477 25 2490 r
117 2450 320 2525 proponat.
383 2439 504 2530 Quare
535 2451 622 2506 ante
652 2434 781 2506 omnia
804 2448 930 2501 totum
959 2446 1108 2502 senten·
1187 2509 1192 2522 ,

23 2571 24 2576 ’
112 2565 260 2638 tiorum
276 2593 418 2638 nexum
437 2587 606 2638 accurate
621 2563 804 2657 exponit,
841 2581 888 2624 ex
910 2580 986 2648 quo
1014 2576 1111 2630 recte

117 2701 319 2770 concludit
334 2703 435 2788 (pag.
449 2719 536 2780 215.
555 2695 670 2786 sqq.)‚
696 2694 771 2761 hoc
793 2689 878 2760 loco
894 2692 1110 2783 praesertim

120 2827 191 2921 agi
213 2842 343 2896 contra
357 2831 683 2922 ψευδοδιὸασκιλους
705 2826 749 2896 de
768 2790 931 2925 adparata
945 2851 974 2900 a.
990 2831 1122 2900 redita-

120 2958 289 3046 Christi,
318 2963 453 3036 nonde
476 2965 600 3062 primo
625 2963 791 3034 eiusdem
809 2960 853 3038 in
873 2965 976 3036 hunc
998 2989 1110 3037 mun-

119 3098 219 3168 dum
247 3093 429 3188 ingressu.
479 3103 635 3176 Oracula
656 3117 782 3174 autem
813 3101 957 3184 Veteris
983 3103 1109 3175 Testa·

123 3227 248 3304 manti
266 3252 388 3324 quum
413 3228 520 3321 plano
541 3261 622 3316 non
648 3253 760 3332 agant
784 3233 828 3306 de
861 3236 979 3342 reditu
1005 3236 1109 3308 Chri·

125 3365 190 3454 ati,
210 3397 270 3441 τον
285 3373 496 3463 προφητικον
513 3371 610 3462 λογον
624 3373 678 3465 (v.
700 3369 790 3468 19.),
818 3387 915 3443 recte
930 3369 1019 3444 inde
1035 3369 1111 3438 col·

126 3499 197 3596 ligi
216 3497 407 3574 existimat
431 3501 487 3593 (p.
507 3495 622 3596 2212),
642 3501 878 3580 referendum
894 3527 971 3578 csse
987 3499 1034 3576 ad
1053 3521 1114 3570 va·

127 3633 260 3708 ricinia
293 3633 337 3702 da
361 3633 541 3730 'glorioso
579 3635 716 3710 Christi
748 3640 918 3720 reditur
954 3632 1112 3726 prophe·

129 3769 178 3838 tia
200 3768 404 3843 christianis
427 3769 549 3867 iisque
581 3767 628 3842 ab
660 3771 852 3864 Apostolis
879 3764 1037 3844 diversis
1059 3767 1110 3866 (p.

133 3919 219 3992 223.
242 3907 343 4002 sqq.)
358 3907 518 4000 prolata.
572 3912 809 4008 Quapropter
829 3901 1014 4004 sequentia
1030 3929 1111 3981 ver·
