<?xml version="1.0" encoding="UTF-8"?>
<!DOCTYPE html PUBLIC "-//W3C//DTD XHTML 1.0 Transitional//EN"
    "http://www.w3.org/TR/xhtml1/DTD/xhtml1-transitional.dtd">
<html xmlns="http://www.w3.org/1999/xhtml" xml:lang="en" lang="en">
 <head>
  <title>
</title>
<meta http-equiv="Content-Type" content="text/html;charset=utf-8" />
  <meta name='ocr-system' content='tesseract 3.04.00' />
  <meta name='ocr-capabilities' content='ocr_page ocr_carea ocr_par ocr_line ocrx_word'/>
</head>
<body>
  <div class='ocr_page' id='page_1' title='image "./ioiacobigriesba01griegoog_0077.png"; bbox 0 0 2752 4790; ppageno 0'>
   <div class='ocr_carea' id='block_1_1' title="bbox 16 379 1097 770">
    <p class='ocr_par' dir='ltr' id='par_1_1' title="bbox 16 379 1097 770">
     <span class='ocr_line' id='line_1_1' title="bbox 582 379 646 424; baseline 0.031 -2"><span class='ocrx_word' id='word_1_1' title='bbox 582 379 646 424; x_wconf 64' lang='lat' dir='ltr'><strong>bxv</strong></span> 
     </span>
     <span class='ocr_line' id='line_1_2' title="bbox 114 531 1094 634; baseline 0.008 -26"><span class='ocrx_word' id='word_1_2' title='bbox 114 535 230 609; x_wconf 85' lang='lat' dir='ltr'><strong>huius</strong></span> <span class='ocrx_word' id='word_1_3' title='bbox 256 535 333 606; x_wconf 90' lang='lat' dir='ltr'><strong>sint</strong></span> <span class='ocrx_word' id='word_1_4' title='bbox 360 534 527 632; x_wconf 80' lang='lat' dir='ltr'><strong>generis3</strong></span> <span class='ocrx_word' id='word_1_5' title='bbox 573 531 696 604; x_wconf 81' lang='lat' dir='ltr'><strong>deinde</strong></span> <span class='ocrx_word' id='word_1_6' title='bbox 723 536 958 631; x_wconf 87' lang='lat' dir='ltr'><strong>hypothesin·</strong></span> <span class='ocrx_word' id='word_1_7' title='bbox 979 542 1094 634; x_wconf 82' lang='lat' dir='ltr'><strong>illem,</strong></span> 
     </span>
     <span class='ocr_line' id='line_1_3' title="bbox 16 668 1097 770; baseline 0.006 -28"><span class='ocrx_word' id='word_1_8' title='bbox 16 759 17 764; x_wconf 5' lang='grc' dir='ltr'>ἵ</span> <span class='ocrx_word' id='word_1_9' title='bbox 115 696 189 770; x_wconf 86' lang='lat' dir='ltr'><strong>qua</strong></span> <span class='ocrx_word' id='word_1_10' title='bbox 216 676 371 744; x_wconf 81' lang='lat' dir='ltr'><strong>Marsus</strong></span> <span class='ocrx_word' id='word_1_11' title='bbox 388 668 628 742; x_wconf 82' lang='lat' dir='ltr'><strong>Matthaeum</strong></span> <span class='ocrx_word' id='word_1_12' title='bbox 644 682 680 736; x_wconf 85' lang='lat' dir='ltr'><strong>et</strong></span> <span class='ocrx_word' id='word_1_13' title='bbox 697 671 839 742; x_wconf 86' lang='lat' dir='ltr'><strong>Lucam</strong></span> <span class='ocrx_word' id='word_1_14' title='bbox 857 691 945 744; x_wconf 84' lang='lat' dir='ltr'><strong>ante</strong></span> <span class='ocrx_word' id='word_1_15' title='bbox 969 678 1097 747; x_wconf 85' lang='lat' dir='ltr'><strong>oculos</strong></span> 
     </span>
    </p>
   </div>
   <div class='ocr_carea' id='block_1_2' title="bbox 16 789 1100 1037">
    <p class='ocr_par' dir='ltr' id='par_1_2' title="bbox 16 789 1100 1037">
     <span class='ocr_line' id='line_1_4' title="bbox 16 789 1100 895; baseline -0.039 -11"><span class='ocrx_word' id='word_1_16' title='bbox 16 789 17 792; x_wconf 8' lang='grc' dir='ltr'><strong>Ἴ</strong></span> <span class='ocrx_word' id='word_1_17' title='bbox 112 808 315 894; x_wconf 78' lang='lat' dir='ltr'>habuisse,</span> <span class='ocrx_word' id='word_1_18' title='bbox 357 823 470 895; x_wconf 85' lang='lat' dir='ltr'><strong>atque</strong></span> <span class='ocrx_word' id='word_1_19' title='bbox 501 797 624 870; x_wconf 77' lang='lat' dir='ltr'><strong>modo</strong></span> <span class='ocrx_word' id='word_1_20' title='bbox 648 798 884 878; x_wconf 58' lang='lat' dir='ltr'><strong>hunemodo</strong></span> <span class='ocrx_word' id='word_1_21' title='bbox 914 808 1026 882; x_wconf 71' lang='lat' dir='ltr'><strong>fflum</strong></span> <span class='ocrx_word' id='word_1_22' title='bbox 1058 810 1100 882; x_wconf 56' lang='lat' dir='ltr'><strong>in</strong></span> 
     </span>
     <span class='ocr_line' id='line_1_5' title="bbox 115 931 1097 1037; baseline -0.046 -20"><span class='ocrx_word' id='word_1_23' title='bbox 115 937 398 1016; x_wconf 79' lang='lat' dir='ltr'><strong>concinnando.</strong></span> <span class='ocrx_word' id='word_1_24' title='bbox 415 931 623 1028; x_wconf 82' lang='lat' dir='ltr'><strong>Evangelio</strong></span> <span class='ocrx_word' id='word_1_25' title='bbox 662 939 981 1037; x_wconf 67' lang='lat' dir='ltr'><strong>³⁶&lt;111¹1tusfujsse</strong></span> <span class='ocrx_word' id='word_1_26' title='bbox 1003 945 1097 1017; x_wconf 49' lang='lat' dir='ltr'><strong>dici·</strong></span> 
     </span>
    </p>
   </div>
   <div class='ocr_carea' id='block_1_3' title="bbox 115 1065 1234 1162">
    <p class='ocr_par' dir='ltr' id='par_1_3' title="bbox 115 1065 1234 1162">
     <span class='ocr_line' id='line_1_6' title="bbox 115 1065 1234 1162; baseline -0.01 -15"><span class='ocrx_word' id='word_1_27' title='bbox 115 1095 206 1161; x_wconf 87' lang='lat' dir='ltr'><strong>tur,</strong></span> <span class='ocrx_word' id='word_1_28' title='bbox 250 1069 402 1140; x_wconf 82' lang='lat' dir='ltr'><strong>dubiam</strong></span> <span class='ocrx_word' id='word_1_29' title='bbox 431 1066 633 1138; x_wconf 79' lang='lat' dir='ltr'><strong>admodum</strong></span> <span class='ocrx_word' id='word_1_30' title='bbox 661 1089 743 1136; x_wconf 87' lang='lat' dir='ltr'><strong>esse</strong></span> <span class='ocrx_word' id='word_1_31' title='bbox 770 1090 842 1139; x_wconf 90' lang='lat' dir='ltr'><strong>neo</strong></span> <span class='ocrx_word' id='word_1_32' title='bbox 866 1075 953 1140; x_wconf 83' lang='lat' dir='ltr'><strong>satis</strong></span> <span class='ocrx_word' id='word_1_33' title='bbox 978 1083 1100 1152; x_wconf 72' lang='lat' dir='ltr'><strong>muni.</strong></span> <span class='ocrx_word' id='word_1_34' title='bbox 1203 1065 1234 1162; x_wconf 34' lang='grc' dir='ltr'><em>ᾗ</em></span> 
     </span>
    </p>
   </div>
   <div class='ocr_carea' id='block_1_4' title="bbox 16 1199 1141 3852">
    <p class='ocr_par' dir='ltr' id='par_1_4' title="bbox 16 1199 1103 1820">
     <span class='ocr_line' id='line_1_7' title="bbox 16 1199 1103 1298; baseline -0.006 -23"><span class='ocrx_word' id='word_1_35' title='bbox 16 1283 18 1294; x_wconf 70' lang='lat'><em>,</em></span> <span class='ocrx_word' id='word_1_36' title='bbox 119 1227 201 1280; x_wconf 83' lang='lat' dir='ltr'><strong>tam</strong></span> <span class='ocrx_word' id='word_1_37' title='bbox 209 1234 221 1290; x_wconf 80' lang='lat'>3</span> <span class='ocrx_word' id='word_1_38' title='bbox 247 1205 287 1274; x_wconf 92' lang='lat' dir='ltr'><strong>id</strong></span> <span class='ocrx_word' id='word_1_39' title='bbox 305 1202 404 1298; x_wconf 84' lang='lat' dir='ltr'><strong>quod</strong></span> <span class='ocrx_word' id='word_1_40' title='bbox 416 1199 673 1287; x_wconf 81' lang='lat' dir='ltr'><strong>Eichhornius,</strong></span> <span class='ocrx_word' id='word_1_41' title='bbox 702 1199 966 1292; x_wconf 86' lang='lat' dir='ltr'><strong>virsummus,</strong></span> <span class='ocrx_word' id='word_1_42' title='bbox 994 1209 1035 1280; x_wconf 89' lang='lat' dir='ltr'><strong>in</strong></span> <span class='ocrx_word' id='word_1_43' title='bbox 1045 1225 1103 1284; x_wconf 85' lang='lat' dir='ltr'><strong>ln.</strong></span> 
     </span>
     <span class='ocr_line' id='line_1_8' title="bbox 119 1335 1102 1440; baseline -0.004 -27"><span class='ocrx_word' id='word_1_44' title='bbox 119 1338 358 1440; x_wconf 76' lang='lat' dir='ltr'><strong>traductione</strong></span> <span class='ocrx_word' id='word_1_45' title='bbox 377 1337 418 1406; x_wconf 90' lang='lat' dir='ltr'><strong>in</strong></span> <span class='ocrx_word' id='word_1_46' title='bbox 433 1335 553 1406; x_wconf 89' lang='lat' dir='ltr'><strong>libros</strong></span> <span class='ocrx_word' id='word_1_47' title='bbox 568 1336 616 1406; x_wconf 90' lang='lat' dir='ltr'><strong>N.</strong></span> <span class='ocrx_word' id='word_1_48' title='bbox 633 1339 678 1406; x_wconf 92' lang='grc' dir='ltr'><strong>Τ.</strong></span> <span class='ocrx_word' id='word_1_49' title='bbox 701 1340 826 1427; x_wconf 83' lang='lat' dir='ltr'><strong>(Tum.</strong></span> <span class='ocrx_word' id='word_1_50' title='bbox 846 1345 877 1411; x_wconf 88' lang='lat'><strong>1.</strong></span> <span class='ocrx_word' id='word_1_51' title='bbox 901 1365 987 1440; x_wconf 83' lang='lat' dir='ltr'><strong>pag.</strong></span> <span class='ocrx_word' id='word_1_52' title='bbox 1017 1351 1102 1440; x_wconf 80' lang='lat'><strong>376·</strong></span> 
     </span>
     <span class='ocr_line' id='line_1_9' title="bbox 115 1469 1103 1576; baseline 0.007 -30"><span class='ocrx_word' id='word_1_53' title='bbox 115 1481 219 1572; x_wconf 89' lang='lat' dir='ltr'>sqq.)</span> <span class='ocrx_word' id='word_1_54' title='bbox 253 1474 348 1546; x_wconf 81' lang='lat' dir='ltr'><strong>olere</strong></span> <span class='ocrx_word' id='word_1_55' title='bbox 365 1469 516 1555; x_wconf 90' lang='lat' dir='ltr'><strong>docuit,</strong></span> <span class='ocrx_word' id='word_1_56' title='bbox 552 1469 722 1566; x_wconf 85' lang='lat' dir='ltr'><strong>quamvis</strong></span> <span class='ocrx_word' id='word_1_57' title='bbox 745 1495 811 1543; x_wconf 86' lang='lat' dir='ltr'><strong>sua</strong></span> <span class='ocrx_word' id='word_1_58' title='bbox 834 1473 956 1570; x_wconf 90' lang='lat' dir='ltr'><strong>ipsius</strong></span> <span class='ocrx_word' id='word_1_59' title='bbox 980 1479 1103 1576; x_wconf 78' lang='lat' dir='ltr'><strong>hypo-</strong></span> 
     </span>
     <span class='ocr_line' id='line_1_10' title="bbox 112 1600 1100 1712; baseline 0 -28"><span class='ocrx_word' id='word_1_60' title='bbox 112 1613 232 1684; x_wconf 81' lang='lat' dir='ltr'><strong>thesis</strong></span> <span class='ocrx_word' id='word_1_61' title='bbox 262 1609 378 1684; x_wconf 84' lang='lat' dir='ltr'><strong>novis</strong></span> <span class='ocrx_word' id='word_1_62' title='bbox 412 1605 559 1680; x_wconf 81' lang='lat' dir='ltr'><strong>laboret</strong></span> <span class='ocrx_word' id='word_1_63' title='bbox 583 1600 864 1682; x_wconf 80' lang='lat' dir='ltr'><strong>difficultatibus</strong></span> <span class='ocrx_word' id='word_1_64' title='bbox 897 1629 1008 1712; x_wconf 85' lang='lat' dir='ltr'><strong>atque</strong></span> <span class='ocrx_word' id='word_1_65' title='bbox 1039 1616 1100 1688; x_wconf 88' lang='lat' dir='ltr'><strong>in-</strong></span> 
     </span>
     <span class='ocr_line' id='line_1_11' title="bbox 113 1743 336 1820; baseline -0.018 0"><span class='ocrx_word' id='word_1_66' title='bbox 113 1743 336 1820; x_wconf 81' lang='lat' dir='ltr'><strong>commodis.</strong></span> 
     </span>
    </p>

    <p class='ocr_par' dir='ltr' id='par_1_5' title="bbox 113 1876 1141 3852">
     <span class='ocr_line' id='line_1_12' title="bbox 218 1876 1141 1962; baseline -0.004 -10"><span class='ocrx_word' id='word_1_67' title='bbox 218 1887 414 1953; x_wconf 78' lang='lat' dir='ltr'><strong>Caeterum</strong></span> <span class='ocrx_word' id='word_1_68' title='bbox 433 1904 520 1952; x_wconf 89' lang='lat' dir='ltr'><strong>oum</strong></span> <span class='ocrx_word' id='word_1_69' title='bbox 533 1876 661 1951; x_wconf 86' lang='lat' dir='ltr'><strong>fructu</strong></span> <span class='ocrx_word' id='word_1_70' title='bbox 678 1903 782 1952; x_wconf 88' lang='lat' dir='ltr'><strong>nunc</strong></span> <span class='ocrx_word' id='word_1_71' title='bbox 801 1883 966 1957; x_wconf 86' lang='lat' dir='ltr'><strong>conferri</strong></span> <span class='ocrx_word' id='word_1_72' title='bbox 980 1914 1099 1962; x_wconf 87' lang='lat' dir='ltr'><strong>mere.</strong></span> <span class='ocrx_word' id='word_1_73' title='bbox 1139 1887 1141 1894; x_wconf 90' lang='lat'>&#39;</span> 
     </span>
     <span class='ocr_line' id='line_1_13' title="bbox 113 1987 1100 2114; baseline 0.006 -26"><span class='ocrx_word' id='word_1_74' title='bbox 113 2037 179 2088; x_wconf 88' lang='lat' dir='ltr'><strong>tur</strong></span> <span class='ocrx_word' id='word_1_75' title='bbox 207 2017 399 2112; x_wconf 72' lang='lat' dir='ltr'><strong>egregium</strong></span> <span class='ocrx_word' id='word_1_76' title='bbox 426 1987 634 2114; x_wconf 77' lang='lat' dir='ltr'><strong>Niemeyeri</strong></span> <span class='ocrx_word' id='word_1_77' title='bbox 658 1995 758 2106; x_wconf 83' lang='lat' dir='ltr'><strong>(Viri</strong></span> <span class='ocrx_word' id='word_1_78' title='bbox 785 2039 929 2089; x_wconf 88' lang='lat' dir='ltr'><strong>summe</strong></span> <span class='ocrx_word' id='word_1_79' title='bbox 947 2045 1100 2096; x_wconf 80' lang='lat' dir='ltr'><strong>veneru-</strong></span> 
     </span>
     <span class='ocr_line' id='line_1_14' title="bbox 116 2148 1139 2252; baseline -0.003 -30"><span class='ocrx_word' id='word_1_80' title='bbox 116 2150 230 2243; x_wconf 79' lang='lat' dir='ltr'><strong>bilis)</strong></span> <span class='ocrx_word' id='word_1_81' title='bbox 263 2171 494 2246; x_wconf 80' lang='lat' dir='ltr'>programma</span> <span class='ocrx_word' id='word_1_82' title='bbox 520 2149 683 2222; x_wconf 79' lang='lat' dir='ltr'><strong>Halense</strong></span> <span class='ocrx_word' id='word_1_83' title='bbox 710 2148 884 2244; x_wconf 83' lang='lat' dir='ltr'><strong>paschale</strong></span> <span class='ocrx_word' id='word_1_84' title='bbox 911 2172 1018 2252; x_wconf 82' lang='lat'><strong>1824·</strong></span> <span class='ocrx_word' id='word_1_85' title='bbox 1041 2156 1102 2247; x_wconf 82' lang='lat' dir='ltr'><strong>(de</strong></span> <span class='ocrx_word' id='word_1_86' title='bbox 1135 2187 1139 2196; x_wconf 93' lang='lat'>·</span> 
     </span>
     <span class='ocr_line' id='line_1_15' title="bbox 115 2285 1129 2386; baseline 0.004 -30"><span class='ocrx_word' id='word_1_87' title='bbox 115 2285 449 2382; x_wconf 75' lang='lat' dir='ltr'><strong>Evangelisterum</strong></span> <span class='ocrx_word' id='word_1_88' title='bbox 463 2285 505 2356; x_wconf 92' lang='lat' dir='ltr'><strong>in</strong></span> <span class='ocrx_word' id='word_1_89' title='bbox 518 2285 708 2358; x_wconf 80' lang='lat' dir='ltr'><strong>narrando</strong></span> <span class='ocrx_word' id='word_1_90' title='bbox 725 2289 811 2356; x_wconf 90' lang='lat' dir='ltr'><strong>Iesu</strong></span> <span class='ocrx_word' id='word_1_91' title='bbox 828 2287 968 2370; x_wconf 79' lang='lat' dir='ltr'><strong>Christi</strong></span> <span class='ocrx_word' id='word_1_92' title='bbox 983 2289 1026 2360; x_wconf 96' lang='lat' dir='ltr'><strong>in</strong></span> <span class='ocrx_word' id='word_1_93' title='bbox 1044 2290 1101 2364; x_wconf 86' lang='lat' dir='ltr'><strong>vi·</strong></span> <span class='ocrx_word' id='word_1_94' title='bbox 1125 2377 1129 2386; x_wconf 31' lang='grc' dir='ltr'>Ι</span> 
     </span>
     <span class='ocr_line' id='line_1_16' title="bbox 114 2421 1102 2514; baseline 0.001 -22"><span class='ocrx_word' id='word_1_95' title='bbox 114 2440 195 2494; x_wconf 84' lang='lat' dir='ltr'><strong>tam</strong></span> <span class='ocrx_word' id='word_1_96' title='bbox 212 2421 337 2494; x_wconf 90' lang='lat' dir='ltr'><strong>reditu</strong></span> <span class='ocrx_word' id='word_1_97' title='bbox 356 2421 611 2510; x_wconf 90' lang='lat' dir='ltr'><strong>dissensione,</strong></span> <span class='ocrx_word' id='word_1_98' title='bbox 638 2421 829 2514; x_wconf 83' lang='lat' dir='ltr'><strong>variisque</strong></span> <span class='ocrx_word' id='word_1_99' title='bbox 848 2439 1022 2496; x_wconf 83' lang='lat' dir='ltr'><strong>veterum</strong></span> <span class='ocrx_word' id='word_1_100' title='bbox 1045 2447 1102 2493; x_wconf 88' lang='lat' dir='ltr'><strong>ee·</strong></span> 
     </span>
     <span class='ocr_line' id='line_1_17' title="bbox 116 2521 1106 2646; baseline -0.007 -18"><span class='ocrx_word' id='word_1_101' title='bbox 116 2556 253 2628; x_wconf 82' lang='lat' dir='ltr'><strong>elesiae</strong></span> <span class='ocrx_word' id='word_1_102' title='bbox 282 2557 481 2630; x_wconf 82' lang='lat' dir='ltr'><strong>doctorum</strong></span> <span class='ocrx_word' id='word_1_103' title='bbox 497 2557 541 2625; x_wconf 90' lang='lat' dir='ltr'><strong>in</strong></span> <span class='ocrx_word' id='word_1_104' title='bbox 559 2521 599 2626; x_wconf 70' lang='lat' dir='ltr'><strong>ed</strong></span> <span class='ocrx_word' id='word_1_105' title='bbox 624 2551 867 2624; x_wconf 76' lang='lat' dir='ltr'><strong>diiudicanda</strong></span> <span class='ocrx_word' id='word_1_106' title='bbox 892 2567 929 2618; x_wconf 88' lang='lat' dir='ltr'><strong>et</strong></span> <span class='ocrx_word' id='word_1_107' title='bbox 955 2573 1106 2646; x_wconf 53' lang='lat' dir='ltr'><strong>compof</strong></span> 
     </span>
     <span class='ocr_line' id='line_1_18' title="bbox 113 2679 1107 2776; baseline -0.007 -15"><span class='ocrx_word' id='word_1_108' title='bbox 113 2692 243 2760; x_wconf 88' lang='lat' dir='ltr'><strong>nenda</strong></span> <span class='ocrx_word' id='word_1_109' title='bbox 261 2689 430 2776; x_wconf 69' lang='lat' dir='ltr'><strong>studiis.)</strong></span> <span class='ocrx_word' id='word_1_110' title='bbox 454 2723 506 2738; x_wconf 95' lang='lat'>-</span> <span class='ocrx_word' id='word_1_111' title='bbox 532 2685 664 2754; x_wconf 86' lang='lat' dir='ltr'><strong>Brevis</strong></span> <span class='ocrx_word' id='word_1_112' title='bbox 689 2681 753 2750; x_wconf 89' lang='lat' dir='ltr'><strong>hic</strong></span> <span class='ocrx_word' id='word_1_113' title='bbox 777 2679 887 2752; x_wconf 90' lang='lat' dir='ltr'><strong>nobis</strong></span> <span class='ocrx_word' id='word_1_114' title='bbox 911 2683 1107 2756; x_wconf 84' lang='lat' dir='ltr'><strong>exhibetur</strong></span> 
     </span>
     <span class='ocr_line' id='line_1_19' title="bbox 120 2815 1105 2914; baseline 0 -22"><span class='ocrx_word' id='word_1_115' title='bbox 120 2833 351 2910; x_wconf 82' lang='lat' dir='ltr'><strong>conspectus</strong></span> <span class='ocrx_word' id='word_1_116' title='bbox 367 2839 509 2906; x_wconf 82' lang='lat' dir='ltr'><strong>cotum,</strong></span> <span class='ocrx_word' id='word_1_117' title='bbox 533 2839 626 2912; x_wconf 85' lang='lat' dir='ltr'><strong>quae</strong></span> <span class='ocrx_word' id='word_1_118' title='bbox 640 2815 893 2914; x_wconf 81' lang='lat' dir='ltr'><strong>praestiterint</strong></span> <span class='ocrx_word' id='word_1_119' title='bbox 907 2819 948 2890; x_wconf 90' lang='lat' dir='ltr'><strong>in</strong></span> <span class='ocrx_word' id='word_1_120' title='bbox 965 2820 1034 2891; x_wconf 84' lang='lat' dir='ltr'><strong>heo</strong></span> <span class='ocrx_word' id='word_1_121' title='bbox 1047 2821 1105 2892; x_wconf 90' lang='lat' dir='ltr'><strong>hi·</strong></span> 
     </span>
     <span class='ocr_line' id='line_1_20' title="bbox 118 2949 1103 3030; baseline 0 -2"><span class='ocrx_word' id='word_1_122' title='bbox 118 2951 246 3028; x_wconf 85' lang='lat' dir='ltr'><strong>storia</strong></span> <span class='ocrx_word' id='word_1_123' title='bbox 264 2969 400 3024; x_wconf 80' lang='lat' dir='ltr'><strong>veteres</strong></span> <span class='ocrx_word' id='word_1_124' title='bbox 418 2952 593 3028; x_wconf 79' lang='lat' dir='ltr'><strong>ecclesiae</strong></span> <span class='ocrx_word' id='word_1_125' title='bbox 613 2953 797 3028; x_wconf 85' lang='lat' dir='ltr'><strong>doctores.</strong></span> <span class='ocrx_word' id='word_1_126' title='bbox 838 2955 888 3024; x_wconf 88' lang='lat' dir='ltr'><strong>At</strong></span> <span class='ocrx_word' id='word_1_127' title='bbox 909 2949 1103 3030; x_wconf 85' lang='lat' dir='ltr'><strong>enimvero</strong></span> 
     </span>
     <span class='ocr_line' id='line_1_21' title="bbox 119 3087 1104 3186; baseline 0.002 -25"><span class='ocrx_word' id='word_1_128' title='bbox 119 3113 188 3186; x_wconf 87' lang='lat' dir='ltr'><strong>per</strong></span> <span class='ocrx_word' id='word_1_129' title='bbox 205 3103 267 3158; x_wconf 92' lang='lat' dir='ltr'><strong>tot</strong></span> <span class='ocrx_word' id='word_1_130' title='bbox 293 3087 434 3156; x_wconf 75' lang='lat' dir='ltr'><strong>saecula</strong></span> <span class='ocrx_word' id='word_1_131' title='bbox 450 3090 536 3162; x_wconf 85' lang='lat' dir='ltr'><strong>adeo</strong></span> <span class='ocrx_word' id='word_1_132' title='bbox 553 3115 687 3186; x_wconf 84' lang='lat' dir='ltr'><strong>perum</strong></span> <span class='ocrx_word' id='word_1_133' title='bbox 708 3090 753 3160; x_wconf 83' lang='lat' dir='ltr'><strong>ab</strong></span> <span class='ocrx_word' id='word_1_134' title='bbox 778 3090 856 3160; x_wconf 88' lang='lat' dir='ltr'><strong>illis</strong></span> <span class='ocrx_word' id='word_1_135' title='bbox 883 3089 1104 3163; x_wconf 87' lang='lat' dir='ltr'><strong>doctoribus</strong></span> 
     </span>
     <span class='ocr_line' id='line_1_22' title="bbox 122 3215 1103 3301; baseline 0.001 -4"><span class='ocrx_word' id='word_1_136' title='bbox 122 3217 387 3296; x_wconf 82' lang='lat' dir='ltr'><strong>ecclesiasticis</strong></span> <span class='ocrx_word' id='word_1_137' title='bbox 399 3215 443 3301; x_wconf 80' lang='lat' dir='ltr'><strong>in</strong></span> <span class='ocrx_word' id='word_1_138' title='bbox 458 3220 523 3292; x_wconf 84' lang='lat' dir='ltr'><strong>heo</strong></span> <span class='ocrx_word' id='word_1_139' title='bbox 537 3225 821 3300; x_wconf 86' lang='lat' dir='ltr'><strong>resurrectionis</strong></span> <span class='ocrx_word' id='word_1_140' title='bbox 838 3231 868 3296; x_wconf 85' lang='lat'><strong>1.</strong></span> <span class='ocrx_word' id='word_1_141' title='bbox 887 3229 923 3296; x_wconf 86' lang='lat' dir='ltr'><strong>G.</strong></span> <span class='ocrx_word' id='word_1_142' title='bbox 943 3225 1103 3300; x_wconf 77' lang='lat' dir='ltr'><strong>historia</strong></span> 
     </span>
     <span class='ocr_line' id='line_1_23' title="bbox 123 3353 1103 3454; baseline -0.003 -24"><span class='ocrx_word' id='word_1_143' title='bbox 123 3357 348 3454; x_wconf 83' lang='lat' dir='ltr'><strong>praestitum</strong></span> <span class='ocrx_word' id='word_1_144' title='bbox 363 3375 464 3438; x_wconf 86' lang='lat' dir='ltr'><strong>esse,</strong></span> <span class='ocrx_word' id='word_1_145' title='bbox 491 3353 630 3430; x_wconf 89' lang='lat' dir='ltr'><strong>iustum</strong></span> <span class='ocrx_word' id='word_1_146' title='bbox 643 3359 754 3432; x_wconf 89' lang='lat' dir='ltr'><strong>nobis</strong></span> <span class='ocrx_word' id='word_1_147' title='bbox 773 3378 903 3432; x_wconf 90' lang='lat' dir='ltr'><strong>movet</strong></span> <span class='ocrx_word' id='word_1_148' title='bbox 919 3359 1103 3445; x_wconf 86' lang='lat' dir='ltr'><strong>dolorem,</strong></span> 
     </span>
     <span class='ocr_line' id='line_1_24' title="bbox 125 3485 1104 3591; baseline -0.01 -26"><span class='ocrx_word' id='word_1_149' title='bbox 125 3493 297 3589; x_wconf 80' lang='lat' dir='ltr'><strong>quemvis</strong></span> <span class='ocrx_word' id='word_1_150' title='bbox 313 3489 354 3560; x_wconf 89' lang='lat' dir='ltr'><strong>in</strong></span> <span class='ocrx_word' id='word_1_151' title='bbox 373 3487 575 3560; x_wconf 88' lang='lat' dir='ltr'><strong>nonnullis</strong></span> <span class='ocrx_word' id='word_1_152' title='bbox 592 3495 741 3580; x_wconf 80' lang='lat' dir='ltr'><strong>saltem,</strong></span> <span class='ocrx_word' id='word_1_153' title='bbox 768 3519 804 3567; x_wconf 81' lang='lat' dir='ltr'><strong>v,</strong></span> <span class='ocrx_word' id='word_1_154' title='bbox 825 3519 857 3566; x_wconf 86' lang='lat' dir='ltr'><strong>c.</strong></span> <span class='ocrx_word' id='word_1_155' title='bbox 872 3485 1104 3591; x_wconf 66' lang='lat' dir='ltr'><strong>Augustino,</strong></span> 
     </span>
     <span class='ocr_line' id='line_1_25' title="bbox 127 3623 1106 3724; baseline -0.006 -26"><span class='ocrx_word' id='word_1_156' title='bbox 127 3627 431 3722; x_wconf 85' lang='lat' dir='ltr'><strong>Theophylacto,</strong></span> <span class='ocrx_word' id='word_1_157' title='bbox 478 3623 705 3716; x_wconf 86' lang='lat' dir='ltr'><strong>Euthymio,</strong></span> <span class='ocrx_word' id='word_1_158' title='bbox 747 3653 865 3724; x_wconf 89' lang='lat' dir='ltr'><strong>quum</strong></span> <span class='ocrx_word' id='word_1_159' title='bbox 897 3625 1106 3700; x_wconf 85' lang='lat' dir='ltr'><strong>defuissent</strong></span> 
     </span>
     <span class='ocr_line' id='line_1_26' title="bbox 129 3756 1103 3852; baseline -0.002 -20"><span class='ocrx_word' id='word_1_160' title='bbox 129 3763 247 3852; x_wconf 75' lang='lat' dir='ltr'><strong>sires,</strong></span> <span class='ocrx_word' id='word_1_161' title='bbox 284 3759 466 3832; x_wconf 82' lang='lat' dir='ltr'><strong>laudanda</strong></span> <span class='ocrx_word' id='word_1_162' title='bbox 492 3777 620 3830; x_wconf 86' lang='lat' dir='ltr'><strong>tamen</strong></span> <span class='ocrx_word' id='word_1_163' title='bbox 641 3759 689 3830; x_wconf 90' lang='lat' dir='ltr'><strong>sit</strong></span> <span class='ocrx_word' id='word_1_164' title='bbox 706 3763 883 3836; x_wconf 80' lang='lat' dir='ltr'><strong>voluntas</strong></span> <span class='ocrx_word' id='word_1_165' title='bbox 899 3777 936 3830; x_wconf 86' lang='lat' dir='ltr'><strong>et</strong></span> <span class='ocrx_word' id='word_1_166' title='bbox 952 3756 1103 3852; x_wconf 82' lang='lat' dir='ltr'><strong>diligen·</strong></span> 
     </span>
    </p>
   </div>
   <div class='ocr_carea' id='block_1_5' title="bbox 132 3891 1179 4090">
    <p class='ocr_par' dir='ltr' id='par_1_6' title="bbox 132 3891 1179 4090">
     <span class='ocr_line' id='line_1_27' title="bbox 132 3891 1179 3970; baseline 0.004 -6"><span class='ocrx_word' id='word_1_167' title='bbox 132 3894 194 3966; x_wconf 81' lang='lat' dir='ltr'><strong>tie.</strong></span> <span class='ocrx_word' id='word_1_168' title='bbox 245 3901 304 3968; x_wconf 85' lang='lat' dir='ltr'><strong>Eo</strong></span> <span class='ocrx_word' id='word_1_169' title='bbox 332 3895 513 3970; x_wconf 87' lang='lat' dir='ltr'><strong>maiorem</strong></span> <span class='ocrx_word' id='word_1_170' title='bbox 537 3895 580 3968; x_wconf 93' lang='lat' dir='ltr'><strong>in</strong></span> <span class='ocrx_word' id='word_1_171' title='bbox 605 3891 880 3966; x_wconf 82' lang='lat' dir='ltr'><strong>leudem·cedit</strong></span> <span class='ocrx_word' id='word_1_172' title='bbox 907 3891 1014 3963; x_wconf 77' lang='lat' dir='ltr'><strong>aetati</strong></span> <span class='ocrx_word' id='word_1_173' title='bbox 1036 3919 1101 3968; x_wconf 91' lang='lat' dir='ltr'><strong>no·</strong></span> <span class='ocrx_word' id='word_1_174' title='bbox 1175 3950 1179 3958; x_wconf 75' lang='lat'>.</span> 
     </span>
     <span class='ocr_line' id='line_1_28' title="bbox 592 4033 907 4090; baseline -0.006 0"><span class='ocrx_word' id='word_1_175' title='bbox 592 4047 599 4090; x_wconf 77' lang='lat' dir='ltr'><strong>t</strong></span> <span class='ocrx_word' id='word_1_176' title='bbox 672 4033 679 4046; x_wconf 88' lang='lat'><em>&#39;</em></span> <span class='ocrx_word' id='word_1_177' title='bbox 890 4045 907 4088; x_wconf 89' lang='lat' dir='ltr'><strong>e</strong></span> 
     </span>
    </p>
   </div>
   <div class='ocr_carea' id='block_1_6' title="bbox 0 0 1388 4790">
    <p class='ocr_par' dir='ltr' id='par_1_7' title="bbox 0 0 1388 4790">
     <span class='ocr_line' id='line_1_29' title="bbox 0 0 1388 4790; baseline 0 0"><span class='ocrx_word' id='word_1_178' title='bbox 0 0 1388 4790; x_wconf 95' lang='lat' dir='ltr'><strong> </strong></span> 
     </span>
    </p>
   </div>
  </div>
 </body>
</html>
