2752 4790
676 387 782 442 ,cxxvr

183 592 186 598 -
250 543 508 615 traordinariis
525 565 565 611 ac
581 535 835 620 miraculosis,
864 539 1003 631 quibus'
1020 545 1121 614 salva
1147 543 1223 614 ma'·

248 698 351 748 neret
368 676 569 747 auctoritas
589 679 623 745 S.
646 679 681 744 S.
700 671 848 759 divina,
876 688 960 774 tum
976 676 1018 744 in
1036 675 1131 748 festo
1148 677 1218 747 illo

246 817 481 884 Pentecostes
503 811 579 894 die,
606 827 688 879 tum
704 776 861 878 admissa
885 809 1017 896 etiam,
1053 811 1123 881 etsi
1141 835 1220 904 par-

247 947 398 1018 ticulari
415 947 538 1040 aliqua
570 967 612 1014 ac
636 966 715 1012 non
749 939 977 1030 definienda,
1016 947 1220 1040 theopneu-

170 1135 172 1146 ·
245 1083 316 1156 stia
339 1081 502 1176 speciali.
560 1084 667 1148 Hanc
699 1074 801 1144 enirn
825 1097 906 1144 non
936 1101 1087 1168 prorsus
1113 1097 1223 1175 negat
1264 1069 1268 1082 '

243 1219 406 1301 Auctor,
443 1213 605 1287 sedtum
634 1209 744 1277 arctis
768 1231 849 1276 eam
874 1207 1150 1284 circumscribit
1174 1214 1221 1283 li-

243 1353 423 1434 mitibus,
456 1362 501 1414 ut
525 1343 594 1413 vix
619 1339 767 1411 deliniri
791 1339 930 1434 possit,
958 1341 1100 1436 ignaris
1125 1345 1220 1440 ipsis

242 1481 461 1581 Apostolis,
499 1476 592 1571 quid
616 1501 661 1546 ex
682 1500 722 1546 ea
743 1475 841 1545 inter
870 1474 1110 1549 scribendum
1133 1504 1219 1572 pro-

241 1612 450 1692 manaverit
466 1616 565 1706 (pag.
584 1613 686 1703 356.)
696 1637 707 1694 3
733 1632 823 1681 nam
840 1627 923 1682 tum
940 1610 1092 1684 demum
1109 1629 1217 1708 putat

240 1756 369 1823 locum
387 1747 580 1833 habuisse,
618 1747 685 1816 ubi
710 1747 874 1842 reliquae
898 1747 1003 1818 dotes
1019 1749 1219 1844 Apostolo-

237 1897 323 1957 rum
344 1883 656 1954 extraordinariae
682 1907 722 1952 ac
747 1883 992 1956 miraculosae
1017 1885 1063 1955 ad
1084 1909 1215 1958 caven·

206 2119 210 2127 r
238 2022 308 2093 'dos
335 2043 476 2091 errores
510 2019 611 2088 haud
642 2015 868 2091 suffecerint.
921 2020 1072 2092 Potiora
1091 2040 1217 2092 autem

237 2155 379 2229 auxilia
403 2153 532 2226 divina
554 2155 596 2224 in
624 2153 831 2262 condendis
852 2154 960 2226 libris
984 2163 1032 2228 N.
1059 2163 1103 2228 T.
1121 2157 1216 2228 deri·

236 2309 301 2364 vat
326 2290 469 2358 Auctor
483 2305 567 2358 tum
583 2288 627 2357 ab
646 2287 828 2362 effusione
854 2291 920 2362 illa
946 2291 1106 2385 Spiritus
1125 2296 1214 2362 San·

237 2428 290 2498 cti
303 2424 524 2496 miraculosa
539 2425 581 2494 in
598 2423 696 2497 festo
712 2431 949 2498 Pentecostes
965 2425 1065 2516 (Act.
1078 2449 1109 2496 c.
1129 2429 1212 2516 IL),

128 2585 135 2594 ·
235 2581 319 2634 tum
340 2587 358 2630 a
376 2560 615 2656 providentia
634 2561 813 2632 Numinis
837 2560 1037 2660 ordinaria.
1065 2596 1116 2618 -
1132 2561 1212 2646 ,Sed

234 2698 307 2766 hoc
327 2696 453 2787 ipsum
468 2713 541 2782 est,
568 2697 610 2765 in
630 2721 705 2792 quo
725 2695 824 2766 haud
844 2695 954 2790 pauci
975 2695 1160 2790 Theologi
1177 2713 1213 2764 et

233 2829 454 2920 interpretes
480 2829 588 2899 valde
625 2830 822 2900 haesitant.
889 2832 1079 2902 Permulta
1112 2831 1216 2901 enim

232 2940 368 3032 tribuit
411 2960 659 3032 Griesbacbius
693 2963 895 3032 celebratae
932 2962 995 3034 illi
1036 2960 1213 3038 effusioni

234 3097 329 3189 Spir.
342 3101 391 3181 S.,
410 3120 502 3191 quae
521 3095 635 3166 hodie
652 3096 729 3181 alii,
746 3095 981 3192 gravioribus
999 3101 1149 3195 quidem
1163 3099 1209 3166 de

235 3231 385 3317 caussis,
399 3230 506 3302 valde
524 3211 757 3304 addubitant.
785 3232 843 3302 Ab
860 3234 933 3306 hoc
948 3255 1080 3325 nempe
1097 3255 1209 3303 even·
1271 3284 1275 3292 -

212 3383 277 3438 ·tu
291 3367 535 3460 pentecostali
557 3367 853 3440 extraordinario
879 3393 958 3439 non
981 3365 1094 3437 modo
1111 3366 1207 3437 deri·

231 3519 297 3574 vat
320 3509 462 3574 Auctor
487 3502 632 3574 donum
656 3504 889 3600 linguarum,
925 3499 1027 3596 quod
1056 3518 1204 3588 vocant,
1257 3533 1263 3542 ·
1361 3487 1362 3498 ¹

231 3638 268 3708 h.
285 3663 315 3708 e.
336 3635 554 3709 facultatem
578 3639 772 3733 apostolis
797 3659 1007 3712 concessam
1035 3641 1203 3733 Evange-

230 3773 326 3844 lium
342 3775 580 3869 praedicandi
595 3777 637 3845 iu
652 3775 881 3870 quibuslibet
894 3771 1039 3874 linguis
1057 3791 1202 3846 extero·

231 3933 336 3996 rum,
364 3929 473 4006 atque
491 3929 712 4008 potestatem
723 3908 900 3982 miracula
917 3909 1110 4003 patrandi,
1142 3935 1204 3981 ve-
