2752 4790
681 425 686 456 ;
711 405 821 450 ΧΒἮΠ

273 559 434 654 ‘„divino
452 562 613 635 animum
631 583 761 646 suum,
790 556 933 653 quoties
953 544 1132 659 opttsest,
1159 591 1256 642 com·

230 793 236 811 Ι
275 718 443 788 „motum
475 699 591 770 sentit
600 726 612 782 ;
643 714 763 790 ‘atque
796 690 982 794 confertur
1004 700 1187 792 charisma
1211 703 1255 772 in

276 835 488 930 „aliquem,
522 834 614 904 dum
627 837 730 902 Deus
747 828 810 901 vel
824 835 955 930 ἇμεσως
968 837 1027 927 (ut
1039 837 1119 910 Act.
1139 861 1175 910 c..
1186 838 1252 932 2.),

276 970 365 1056 „vel
382 991 448 1064 per
462 968 709 1062 Apostolum,
749 965 817 1058 qui
844 991 1000 1039 manum
1019 969 1166 1042 homiui
1184 971 1254 1040 im-

276 1103 431 1199 „ponit,
469 1101 648 1183 declarat,
685 1095 789 1182 fore,
825 1115 869 1166 ut
905 1098 1030 1174 afflatu
1054 1107 1123 1176 illo
1151 1089 1254 1176 men's

277 1240 383 1326 „eius
406 1235 636 1309 concitetur,
674 1227 822 1322 quoties
842 1229 885 1298 in
908 1233 1113 1307 utilitatem
1140 1227 1256 1308 eccle'.

276 1375 378 1464 „siae
393 1371 455 1444 vel
471 1362 638 1461 proferre
657 1363 719 1436 vel
741 1363 914 1458 peragere
938 1363 1068 1434 debeat
1097 1367 1253 1462 aliquid,

275 1505 402 1602 „quod
425 1525 490 1595 per
518 1501 702 1568 humanae
730 1513 885 1567 naturae
907 1498 1005 1569 vires
1029 1525 1100 1572 nec
1123 1503 1253 1575 rescire

267 1659 420 1734 „neque
441 1633 592 1729 exsequi
613 1641 785 1728 posset.“
812 1671 864 1688 -
889 1638 968 1706 Hac
992 1652 1118 1708 autem
1140 1638 1255 1708 ratio·

274 1801 322 1848 ne
337 1773 464 1872 ιάμὰτα
488 1767 678 1840 referenda
694 1784 784 1842 sunt
806 1767 852 1841 ad
872 1775 1113 1872 intromittat
1132 1774 1196 1844 sed
1211 1799 1252 1845 v.-

274 1937 307 2010 9.
337 1923 678 1980 commemorantur
709 1935 905 2007 χαρισματα
930 1917 1096 2008 luparum
1123 1909 1250 2003 itaque

254 2048 425 2118 ‘Paullus
439 2055 566 2147 lancea
584 2035 753 2116 referred
768 2075 977 2145 χαρισματα.
1004 2066 1084 2118 non
1101 2045 1147 2118 ad
1165 2054 1248 2146 isto·

270 2217 417 2280 γηματα.
471 2183 580 2275 Quod
596 2208 714 2276 quum
730 2179 791 2253 vir
808 2179 1047 2254 acutissimus
1063 2182 1179 2275 probe
1194 2179 1249 2253 vi·
1328 2275 1336 2288 1

271 2289 386 2387 disset
407 2319 506 2409 (pag.
535 2321 656 2409 rga),
692 2317 913 2389 charismata
935 2317 1070 2386 iterrun
1091 2315 1132 2384 in
1157 2315 1247 2386 duas

270 2454 402 2524 classes
425 2449 642 2538 distribuit,
679 2469 863 2547 quatenus
893 2451 955 2520 vel
973 2467 1144 2548 ¹mentem
1168 2447 1251 2518 ani·

268 2611 450 2682 mumque
469 2604 658 2682 spectant,
686 2589 748 2656 vel
777 2588 823 2658 ad
845 2601 1077 2682 energemate
1095 2583 1249 2678 respici·

268 2738 339 2792 unt
357 2726 455 2814 (pag.
476 2723 585 2811 180.).
625 2720 792 2816 Quodvis
806 2721 910 2794 enim
926 2744 1130 2815 energema,
1148 2717 1249 2814 quod

266 2871 354 2950 post
389 2847 612 2924 effusionem
647 2855 740 2948 Spir-
772 2861 807 2927 S.
843 2850 920 2950 per'
941 2856 1249 2950 thaumaturgum

264 2986 454 3085 quendam
496 2992 599 3060 Deus
634 3006 807 3084 operatus
840 2989 909 3077 sit,
943 3021 1097 3094 χαρισμα
1122 2988 1246 3063 vocari

266 3147 397 3220 P⁰8³03
439 3123 515 3195 vim
552 3121 654 3194 enim
689 3123 956 3196 miraculosam
993 3119 1247 3212 thaumaturgi
1306 3173 1310 3180 .

264 3258 383 3332 fuisse
398 3255 594 3330 internum
610 3257 755 3354 aliquid
766 3259 973 3338 thorismus
996 3255 1060 3327 sed
1078 3245 1246 3352 effectum

262 3395 367 3467 illius
386 3419 597 3492 energema,
624 3417 652 3465 s.
681 3411 879 3466 externum
902 3387 1044 3484 aliquid
1060 3387 1103 3458 in
1128 3411 1245 3484 regno

261 3552 418 3604 naturae
442 3527 611 3601 obvium.
671 3531 722 3598 At
754 3553 845 3604 vero
875 3521 1078 3595 admodum
1098 3522 1244 3612 dubito,

264 3689 313 3740 an
326 3663 517 3739 subtiliter
533 3662 623 3731 adeo
646 3663 800 3734 Paullus
821 3657 1040 3732 charismata
1068 3658 1148 3753 ipsa
1176 3657 1245 3728 ite·

265 3825 351 3869 rum
370 3797 608 3881 distinxerit3
626 3795 848 3892 simpliciter
856 3791 958 3866 enim
971 3817 1009 3865 v.
1026 3813 1063 3890 4.
1075 3825 1245 3895 χαρισμα·

261 3963 308 4010 ce
327 3937 422 4028 Spir.
439 3939 577 4008 Sancto
597 3933 754 4018 tribuit,
780 3955 819 4005 v.
841 3930 875 4004 6.
896 3945 1024 4002 autem
1041 3935 1243 4032 ἐνεργῃματα
