2752 4790
8 883 10 896 i

588 439 652 484 xllx

126 597 230 668 codd.
271 595 428 690 attinet,
469 567 681 664 luculenter
709 595 799 668 satis
832 595 1102 668 demonstravit

129 731 383 806 Griesbachius
407 731 435 825 l,
455 752 518 838 o,
534 724 618 798 cod.
637 729 686 796 D.
711 753 739 800 s.
766 731 1108 826 cantabrigiensem

122 868 235 962 plane
261 893 346 940 non
369 861 570 957 pertinere,
595 859 700 954 quod
721 863 1009 953 quidem.vellet
1027 871 1107 936 Hu-

121 1001 232 1097 gius,
269 1002 417 1068 adeam
434 993 688 1064 recensionem
709 991 901 1081 codicum,
926 1025 996 1092 qua
1018 1025 1106 1072 usus

123 1137 181 1206 sit
213 1132 382 1204 Clemens
408 1127 697 1202 Alexandrinus.
726 1165 780 1184 -
807 1134 1026 1222 Quanquam
1048 1158 1108 1206 au-

125 1285 203 1338 tem
235 1265 268 1336 b.
317 1263 566 1339 Griesbachius
603 1263 646 1334 in
678 1265 749 1334 hac
788 1263 1112 1335 commentatione

118 1409 213 1488 Yen.
232 1403 363 1499 Hegio
381 1399 555 1496 opposita
580 1399 815 1494 hypothesin
842 1423 949 1472 suam
972 1398 1018 1468 de
1043 1399 1113 1470 tri-

119 1539 193 1611 bus
222 1536 523 1623 recensionibus,
560 1535 835 1622 Alexandrina,
874 1535 1109 1608 occidentali

118 1693 158 1746 et
176 1671 616 1767 constantinopolitana,
651 1672 847 1768 ingeniose
871 1667 1107 1744 efformatam

116 1835 302 1907 perquam
317 1807 409 1882 acite
427 1805 638 1878 defendisse
657 1807 863 1880 censendus
878 1827 946 1898 est,
968 1811 1037 1882 hac
1052 1827 1105 1882 ta·

8 1959 9 2006 ³
115 1972 231 2034 men,
258 1969 372 2042 eaque
396 1943 613 2038 praecipua,
642 1943 751 2014 laude
775 1944 876 2015 haud
898 1945 1105 2039 privandus

118 2100 180 2152 est
206 2084 374 2178 HugiuS,
400 2079 460 2154 vir
481 2078 742 2164 doctissimus»,
770 2079 872 2174 quod
893 2103 975 2149 non
993 2078 1106 2149 modo

9 2211 14 2281 i
117 2215 312 2313 permulta
334 2215 375 2284 in
400 2239 439 2285 re
458 2215 586 2286 critica
602 2220 650 2286 N.
674 2220 717 2286 T.
736 2213 965 2302 accuratius,
992 2239 1105 2312 quam

116 2353 163 2448 ab
186 2351 272 2424 aliis
287 2367 393 2424 antea
406 2350 553 2424 factum
568 2370 684 2439 esset,
711 2351 1000 2439 examinaverit,
1027 2376 1104 2421 me-

112 2488 513 2586 liusquelexposuerit,
540 2513 672 2593 perum
696 2488 810 2558 etiam
836 2485 1109 2558 Griesbacirium

115 2625 261 2721 ipsum,
279 2625 383 2696 senio
402 2625 479 2694 iam
497 2621 729 2700 confectum,
754 2617 851 2682 bene
868 2613 973 2710 quasi
990 2615 1033 2684 de
1049 2618 1107 2686 Eo

115 2760 324 2837 merendo,
344 2757 390 2822 ad
406 2753 627 2822 molliorem
642 2749 865 2823 sententiam
882 2750 925 2822 in
939 2751 1105 2823 iudican-

118 2893 182 2962 dis
207 2885 364 2959 vetustis
393 2885 676 2960 recensionibus
713 2888 766 2958 ita
796 2888 1032 2982 perduxerit,
1060 2906 1103 2959 ut
1167 2977 1172 2986 ὁ

116 3021 224 3099 haud
236 3045 370 3116 parum
384 3024 427 3093 de
443 3025 607 3119 pristina
622 3022 756 3096 iudicii
767 3025 892 3096 critici
907 3024 1105 3096 reveri-tate

117 3160 350 3243 remitteret,
376 3147 433 3222 'ne
447 3160 557 3231 nimis
579 3159 625 3233 ab
646 3161 776 3257 Hugio
791 3155 942 3230 differre
960 3155 1108 3232 videre·'

119 3318 196 3370 tur.
222 3331 274 3353 -
301 3299 424 3388 Quare
440 3291 588 3385 cuique,
615 3297 680 3394 qui
695 3297 738 3366 in
759 3296 818 3367 his
838 3295 947 3367 rebus
962 3295 1104 3366 criticis

120 3431 268 3530 aliquid
289 3429 436 3515 videre,
473 3443 540 3496 aut
562 3431 733 3516 ulterius,
769 3433 1027 3504 examinandis
1041 3454 1106 3501 va-

120 3571 188 3640 riis
212 3565 440 3638 Criticorum
465 3556 669 3655 suffragiis,
702 3567 879 3664 progredi
902 3568 1017 3648 velit,
1045 3587 1105 3632 au·

123 3724 208 3778 ctor
232 3703 324 3787 sim,
351 3719 410 3786 ut,
439 3699 472 3773 si
496 3695 715 3774 Griesbachii
735 3702 982 3784 sententiam,
1010 3717 1104 3771 certe

125 3863 224 3926 eam,
265 3859 378 3935 quam
392 3836 532 3907 ultimo
548 3835 650 3906 vitae
665 3859 765 3904 anno
785 3853 1020 3928 conceperat,
1047 3862 1104 3912 ec·

127 3973 290 4048 curatius
310 3996 533 4070 cognoscere
552 3971 691 4070 cupiat,
718 3993 798 4045 non
820 3971 928 4048 modo
941 3975 1103 4070 primam
