2752 4790
707 429 787 478 xtvt

207 619 212 624 ·
255 611 345 669 sunt
367 587 524 694 reliqua.
568 559 680 663 Plura
705 585 822 686 igitur
850 579 1033 662 desiderat
1056 590 1241 668 aetas'no·

255 749 350 818 stra,
377 755 490 829 quam
513 751 607 828 quae
639 723 889 802 Griesbachius
910 750 956 797 ex
980 727 1048 798 hac
1063 730 1239 826 pericopa

255 867 427 936 Paullina
442 866 484 936 in
501 866 610 963 epist.
626 859 672 934 ad
689 853 908 934 Corinthios
926 859 1066 934 efficere
1082 867 1240 956 studuit,

254 1001 468 1098 quibusque
487 1010 589 1072 tecte
610 991 766 1082 evictis,
804 1005 986 1092 tanquam
1011 1015 1051 1069 re
1071 999 1166 1072 bene
1181 1025 1240 1098 ge·

253 1153 311 1208 sta
344 1155 382 1208 et
422 1129 595 1209 doctrina
628 1119 877 1200 ecclesiastica
908 1123 954 1199 de
982 1129 1172 1207 Trinitate
1197 1139 1239 1207 in

253 1285 340 1344 tuto
360 1271 556 1350 collocata,
583 1283 735 1333 securus
756 1253 959 1356 acquievit.
986 1293 1038 1319 -··
1065 1270 1134 1336 Sed
1151 1271 1241 1341 haec

252 1403 414 1476 ulterius
439 1395 720 1492 accuratiusque
749 1396 942 1494 persequi,
983 1421 1064 1470 non
1088 1416 1145 1473 est
1169 1401 1240 1474 hu·

185 1515 187 1523 ¹
252 1537 313 1610 ius
328 1534 417 1607 loci.

351 1659 475 1742 Simul
490 1684 615 1740 autem
630 1653 796 1740 breviter
814 1655 1007 1740 illustrare
1026 1657 1152 1741 stuaiet
1169 1671 1236 1742 cel.

254 1803 507 1880 Griesbachius
538 1804 580 1876 in
607 1805 681 1876 hoc
710 1815 987 1902 programmate
1014 1805 1237 1878 universum

247 1931 378 2013 locum
392 1939 436 2012 de
453 1936 727 2013 charismatibus
742 1932 784 2010 in
800 1939 869 2012 hac
883 1941 1058 2038 pericopa
1074 1959 1235 2014 comme-

247 2075 418 2165 moratis,
446 2089 541 2172 qttae
556 2089 626 2171 p'ro
646 2065 793 2148 ratione
811 2075 925 2149 istius
949 2077 1131 2174 temporis
1149 2093 1236 2149 cum

247 2210 439 2307 plerisque
457 2228 528 2305 pro
549 2205 772 2285 miraculosis
785 2201 897 2286 donis
915 2211 1056 2284 divinis
1074 2211 1119 2283 ab
1135 2213 1236 2309 Apo-

249 2347 350 2421 stolo
379 2344 588 2441 Corinthiis
627 2368 694 2442 per
726 2365 910 2420 manuum
949 2342 1235 2442 impositionem

249 2481 435 2554 concessis
453 2470 597 2554 habuit.
649 2481 779 2554 Fuisse
803 2483 906 2554 enim
927 2481 1120 2555 existimat
1144 2483 1235 2556 haec

247 2608 346 2688 riona
373 2605 503 2690 divina
533 2627 577 2688 eo
604 2605 766 2690 consilio
792 2633 986 2704 concessa,
1020 2617 1159 2715 partim
1183 2639 1234 2689 ne

246 2746 440 2841 deessent,
468 2751 534 2847 qui
552 2746 718 2846 publicis
738 2751 958 2824 muneribus
982 2747 1052 2823 rite
1076 2751 1235 2850 defungi

245 2887 366 2958 aliave
392 2877 602 2957 ministeria
628 2877 757 2957 s'u'bire
786 2901 960 2982 possent,
995 2890 1155 2980 partim,
1189 2906 1232 2958 ut

245 3035 344 3094 certa
370 3019 459 3092 fidei
483 3009 707 3092 documenta
728 3009 818 3092 inde
839 3039 1012 3116 caperent
1034 3043 1155 3095 novae
1176 3045 1229 3090 re·

242 3149 402 3250 ligionis
435 3146 619 3242 adseclae,
658 3171 741 3230 tum
763 3169 890 3231 veram
916 3176 995 3230 esse
1018 3151 1227 3228 doctrinam

245 3305 324 3361 tam
345 3287 560 3360 luculenter
583 3313 603 3361 a
624 3295 707 3363 Deo
730 3285 1009 3377 confirmatam,
1044 3295 1129 3357 tum
1146 3311 1228 3358 non

245 3415 327 3497 sine
344 3414 520 3520 auspiciis
538 3421 681 3498 divinis
709 3424 754 3498 ab
782 3407 975 3525 Apostolia
1000 3417 1045 3493 ad
1068 3443 1149 3493 eam
1169 3411 1229 3494 in·

246 3559 385 3636 vitatos
403 3556 521 3634 fuisse
536 3578 574 3632 et
596 3561 711 3658 ipsos
764 3565 852 3636 Huc
872 3548 1047 3656 inprimis
1067 3555 1228 3628 refertur

245 3725 286 3772 ta
305 3706 474 3793 γλωσσαις
486 3705 614 3788 iaicas,
642 3721 688 3769 ex
703 3723 777 3798 quo
795 3689 919 3772 iucem
933 3693 1099 3790 accipere
1119 3708 1228 3789 putat

245 3829 359 3902 verba
378 3832 536 3909 obscura
554 3859 592 3909 v.
615 3855 649 3929 3.
678 3893 702 3926 ,,
713 3835 819 3917 οὐδεὶς
835 3829 868 3909 ἓν
887 3861 1051 3929 aucupari
1066 3845 1148 3907 9sco
1166 3837 1225 3904 λα-

194 4035 196 4040 ,
245 3972 340 4053 ‚stara
365 3972 453 4092 itaet
471 3977 775 4070 ἂναθεμαἿησουν.
801 3999 857 4044 και
885 3967 994 4046 ciricis
1018 3971 1158 4044 δυναται
1184 3973 1227 4040 ti·
