2752 4790
747 387 795 432 cu

287 563 439 619 strenue
465 541 646 615 tenendae
674 537 843 612 studium
875 537 917 610 in
948 543 1017 614 hac
1044 547 1264 639 prolusione

287 705 374 778 prae
391 707 429 755 se
447 679 601 753 ferebat.
653 678 844 746 Summam
862 667 963 749 emm
979 678 1153 752 deitatem
1175 683 1266 752 Filii

260 785 362 887 'Dei
394 838 470 913 quo
502 795 650 884 felicius
684 783 921 898 defenderet,
963 815 1094 884 statuit
1114 817 1268 912 quidem

285 949 425 1020 Filium
441 949 514 1020 Dei
534 925 662 1043 ipsum
678 919 815 1016 creasse
838 948 1026 1020 mundum
1046 977 1117 1046 qua
1131 955 1266 1030 Dmms

288 1085 460 1158 sedeam
488 1083 610 1178 ipsam
637 1078 685 1160 ob
711 1094 878 1148 caussam
907 1082 1008 1152 haud
1041 1087 1271 1178 probandam

289 1240 367 1294 esse
392 1191 563 1290 censebat
579 1211 753 1304 phrasim
789 1211 901 1288 deum
921 1215 1068 1284 Patrem
1085 1217 1269 1292 candidis.

290 1339 533 1428 ae'mundum
547 1368 612 1442 per
625 1343 777 1418 Filium.
831 1351 1001 1441 Quatuor
1014 1347 1135 1444 igitur
1157 1351 1271 1426 dubia
1360 1363 1364 1368 '

287 1459 447 1581 protulit
463 1481 516 1578 (p
540 1505 623 1578 199
651 1484 762 1573 sqqq)
783 1481 1139 1575 quaepatissimum
1156 1477 1268 1558 nobis

287 1615 536 1698 mutationem
553 1612 730 1686 lectionis
746 1614 800 1711 (δι’
821 1617 864 1692 οὑ
882 1615 925 1686 in
943 1618 1072 1710 διατι)
1061 1639 1104 1687 ιιι
1119 1619 1189 1688 isso
1208 1622 1266 1692 lo·

286 1777 330 1824 co
357 1729 565 1825 suaderent.
616 1731 783 1824 Primum
815 1749 988 1868 phrasin.
1026 1757 1129 1825 Deus
1159 1777 1268 1825 mun-

251 1897 261 1904 ”
287 1858 378 1958 dum
394 1885 535 1968 creavit
551 1909 617 1982 per
625 1883 778 1968 F1ltum
800 1903 916 1981 prope
932 1886 1055 1960 abesse
1073 1911 1093 1957 a
1112 1890 1268 1962 tritbeis

177 2065 181 2073 ·
253 2037 256 2044 '
282 2033 360 2096 mo.
413 2021 588 2111 [Redoiet
607 2020 732 2116 petius
759 2022 848 2130 haec
873 2023 1018 2117 phrasis
1042 2023 1269 2096 subordina-

289 2129 523 2241 tiom'smutm¹
549 2179 662 2257 quem
677 2163 847 2252 'vocant.]
901 2160 1045 2230 Deinde
1058 2160 1268 2244 neminem,
1362 2253 1365 2268 ἱ

282 2269 353 2377 ait,
380 2289 598 2364 distinctius
620 2315 804 2386 exponere
825 2311 955 2388 posse,
975 2292 1074 2387 quid
1090 2293 1142 2363 sit
1158 2317 1269 2364 mun-

267 2413 380 2495 dum
408 2443 529 2495 creare
552 2393 623 2522 per
653 2427 818 2512 Filium3
858 2452 948 2498 nam
978 2443 1061 2497 uon
1093 2425 1267 2502 ferendus

288 2581 365 2632 esse
375 2613 386 2646 ,
420 2559 486 2655 qui
504 2563 837 2634 comminiscantur
848 2617 858 2649 ,
869 2539 1031 2632 ⁴Patrem
1049 2561 1091 2630 in
1105 2563 1268 2634 conden-

264 2705 267 2712 '
289 2693 337 2766 do
349 2689 492 2764 mundo
509 2695 651 2768 Filium
667 2695 891 2782 adhibuisse,
909 2713 975 2768 aut
989 2696 1130 2768 Filium
1147 2699 1270 2768 decre-

265 2822 269 2832 ’
290 2841 328 2897 ta
345 2844 499 2919 paterna
516 2805 765 2921 exsequutum
781 2851 870 2901 esse.
920 2831 992 2917 ·'[At
1008 2829 1062 2898 sic
1079 2830 1271 2918 intellexe-

290 2983 329 3040 re
359 2960 489 3030 locum
513 2963 678 3042 Veteres,
710 2961 860 3054 etipse
886 2962 1086 3052 Lutherus,
1123 2973 1271 3037 Patrem

279 3107 371 3167 'esse
393 3111 585 3166 auctorem
607 3093 853 3188 primarium,
898 3096 1039 3170 Filium
1060 3115 1186 3167 autem
1212 3121 1271 3170 se·.

292 3229 527 3316 cundarium,
543 3253 615 3326 qua
634 3243 800 3302 caussam
815 3207 1110 3302 ministerialem.
1135 3231 1271 3304 Confe-

290 3335 421 3437 rantur
434 3365 550 3435 modo
566 3367 650 3436 loca
662 3365 711 3434 ab
729 3364 813 3458 ipso
829 3365 988 3437 Auctore
1001 3384 1113 3454 supra
1123 3365 1266 3460 allatu]

294 3503 413 3578 Porro
434 3502 514 3570 Deo
537 3499 662 3586 Patri,
695 3499 840 3596 pergit,
867 3483 1090 3574 creationem
1112 3499 1268 3572 attribui

291 3635 580 3729 appropriative,
608 3635 721 3706 etiam
737 3635 781 3705 in
797 3629 977 3724 symbolis
987 3601 1267 3722 'aecumeniciss

290 3768 354 3838 sed
372 3771 404 3841 si
419 3777 525 3860 Patet
542 3795 607 3866 per
620 3769 763 3842 Filium
785 3763 971 3842 mundum
992 3787 1171 3856 creasset,
1205 3737 1271 3842 ffiss

280 3895 343 3973 ¹li'o
362 3907 489 3996 potius
508 3907 747 3983 tribuendam
767 3923 845 3984 esse
869 3903 1150 4004 appropriative
1166 3929 1266 3982 crea·
