2752 4790
586 364 629 406 tv

20 513 22 520 ’
114 545 269 608 „rerum
288 516 462 590 omnium
489 523 587 580 esset
608 515 792 602 oreator.“
819 541 870 564 -
893 513 1092 604 Largimur
1175 531 1178 542 ·

20 653 22 744 ξ
117 657 294 752 denique,
322 655 365 724 in
388 643 550 743 epistola
571 639 620 708 sd
638 637 816 728 Rhosos,
854 665 979 736 quam,
999 643 1092 712 teste

20 779 21 858 s
115 797 367 890 Hierony-nso,
391 762 514 851 latins
528 775 878 860 consuetudohsud
894 791 1092 869 receperat,

114 927 277 1019 ideoque
300 916 425 988 rarius
449 907 654 1000 descripta,
690 928 847 980 errorem
869 910 1029 1006 aliquem
1047 909 1092 980 li.
1188 973 1201 986 .

114 1057 338 1130 brariorum
358 1045 471 1118 latius
495 1038 655 1112 diffundi
679 1037 854 1133 potuisse
887 1042 928 1108 in
952 1044 1091 1116 codices

117 1209 162 1264 et
183 1187 374 1260 versiones
401 1179 520 1250 adhuc
544 1175 789 1270 superstites,
828 1195 943 1267 qnam
957 1173 998 1242 iu
1014 1175 1096 1248 aiiis

119 1333 168 1398 N.
183 1329 224 1396 T.
239 1319 354 1394 libris.
384 1300 639 1387 Veruntamen
656 1311 747 1382 haec
763 1307 892 1396 omnis
908 1331 983 1380 nos
1000 1307 1101 1378 h'aud

111 1457 348 1554 impediunt,
375 1475 452 1548 quo
469 1449 599 1520 minus
620 1445 874 1518 ooniecturam
890 1450 983 1540 iun-s¹
996 1442 1100 1513 dam·

110 1617 258 1666 nemus,
298 1595 432 1662 Manet
449 1586 551 1667 enim·
568 1582 627 1656 nil
643 1579 719 1654 nisi
734 1559 960 1666 coniectura,
987 1578 1095 1658 nulla
1157 1586 1159 1592 '

109 1735 224 1827 plano
238 1719 630 1822 antiqusrauctoritate
644 1716 724 1790 sive
746 1715 885 1792 codicis
914 1713 994 1791 sive
1011 1736 1094 1786 ver·

110 1867 232 1942 sionis
252 1859 431 1945 suffuita;
456 1881 528 1930 neo
547 1855 628 1932 ulla
652 1852 784 1926 idonea
811 1874 938 1930 caussa
953 1849 1093 1934 subest,

107 2030 180 2074 cur
199 1999 404 2072 lectionem
420 2009 606 2088 receptam
626 1995 669 2069 ’δι’
687 1987 726 2066 οὗ
743 1987 954 2062 deseramus
965 2013 991 2070 ;=
1002 1987 1093 2054 haec

111 2136 223 2207 enim
248 2147 416 2203 accurate
438 2125 626 2202 consentit
655 2147 744 2196 oum
772 2120 930 2216 reliquis
950 2133 1096 2187 senten·

110 2273 177 2344 tiis
192 2267 484 2366 Apostolorum,
512 2259 668 2333 Ioannis
696 2275 733 2330 et
753 2255 873 2328 Paulli
882 2312 900 2344 ,,
919 2276 991 2328 nec
1014 2273 1095 2324 non

20 2429 22 2516 ζ
110 2433 198 2478 cum
216 2429 289 2478 usu
305 2400 484 2500 loquendi
508 2393 786 2494 antiquissimis
802 2390 1022 2466 doctoribus
1038 2409 1095 2456 so
1167 2401 1170 2410 '

20 2541 22 2550 ’
109 2539 334 2617 clesiasticis
350 2535 603 2632 frequentato.
657 2528 759 2627 Quid
785 2524 905 2614 igitur
931 2519 1098 2587 deserere

108 2677 319 2756 lectionem
338 2685 525 2758 receptam
547 2680 586 2734 et
604 2659 858 2732 coniecturam
874 2646 1102 2726 substituere
1138 2708 1144 2725 ,

113 2811 155 2880 h.
176 2805 208 2874 1.
227 2797 335 2868 aliud
356 2810 471 2882 esset,
510 2815 624 2892 quam
649 2787 770 2866 invito
792 2786 890 2864 iusta
916 2785 1098 2881 interpres

114 2933 233 3016 tandi
249 2929 388 3036 ratione
410 2954 530 3008 sacras
551 2928 684 3006 literas
700 2925 746 3004 ad
769 2923 969 3025 opiniones
988 2943 1098 3018 quas,

115 3078 206 3150 dam
231 3069 414 3138 humanas
438 3068 654 3168 easdemque
676 3063 794 3138 serius
815 3061 970 3135 demum
987 3053 1119 3130 seffor·-

118 3226 240 3284 motas
257 3197 466 3297 refingerei
495 3205 625 3300 Itaque
648 3197 894 3280 Heinrichsius
912 3195 1098 3288 (incom-

119 3337 312 3420 mentsrio
333 3335 377 3409 in
402 3330 514 3428 epist.
537 3335 582 3408 sd
602 3333 830 3438 Ebraeossd
851 3333 889 3402 h.
913 3332 962 3423 1.)
987 3347 1099 3422 atque

118 3469 371 3578 litandorfius
386 3469 444 3563 (in
463 3465 567 3539 notis
581 3471 623 3542 sd
639 3479 671 3546 1.
685 3472 735 3546 A.
754 3469 903 3544 Ernesti
917 3462 1103 3536 lectiones

125 3609 351 3688 academicos
366 3607 409 3681 iu
427 3605 538 3702 epist.
561 3601 607 3672 sd
626 3605 808 3692 Ebusum,
831 3602 879 3672 ad
900 3601 939 3672 h.
956 3597 984 3668 l.
999 3597 1103 3668 Mas·

129 3751 289 3824 thasium
300 3741 449 3840 sequuti
467 3757 568 3812 recte
584 3737 791 3812 reisoenmt
802 3739 901 3808 hano
914 3727 1102 3802 coniectu·

132 3887 212 3954 rain
224 3877 553 3960 Grissbucirionam.
576 3877 633 3952 01.
648 3869 833 3950 Matthaei
843 3882 1103 3962 sutem,quum
