2722 4806
569 391 666 434 Lxxxt

8 547 9 550 ’
113 541 275 615 iusmodi
288 543 407 640 igitur
419 541 645 635 exemplaria
653 545 767 620 trium
776 553 1086 644 primaevittvan-

113 678 202 772 gelii
234 679 460 766 versionum
488 674 734 750 diversimode
766 683 1086 782 interpolatamm,

108 813 247 884 sumsit
270 813 332 886 vir
357 807 612 892 acutissimus,
630 809 676 878 ad
689 837 814 888 manus
831 818 950 894 fuisse
966 826 1085 900 tribus

109 947 259 1016 nostris
277 940 553 1034 EvangelistiS,
583 943 647 1036 qui
663 967 797 1038 epenu
825 975 888 1022 sua
908 982 1005 1034 nova
1023 966 1084 1035 ad.

8 1057 9 1074 ¹
112 1079 327 1158 ditamenta
351 1073 560 1147 adiecerint.
592 1113 643 1130 -
668 1083 779 1150 Hanc
800 1105 890 1157 vero
910 1090 1087 1186 hypothe.

111 1210 178 1280 sin
207 1207 440 1280 artificiosius
462 1201 694 1284 efformatam
715 1215 844 1290 minus
861 1243 941 1293 esse
960 1228 1090 1318 proba·
1195 1224 1198 1230 ’

115 1343 230 1420 bilem
251 1341 383 1415 statuit
404 1341 655 1418 Griesbachius
678 1352 778 1446 (pag.
798 1359 884 1446 362,
904 1375 987 1430 not.
1011 1362 1091 1456 sss.)
1161 1397 1164 1412 .

107 1495 261 1572 propter
277 1476 474 1572 angustius
500 1481 678 1574 temporis
703 1483 892 1561 interiecti
909 1495 1089 1588 spatium,

103 1613 207 1707 quod
222 1637 309 1686 sane
323 1637 403 1684 non
421 1613 665 1708 permisisset,
687 1637 729 1690 ut
746 1637 804 1695 tot
820 1627 1012 1726 archetypi
1030 1660 1088 1734 re.

102 1747 300 1821 censiones
315 1772 437 1822 novae
456 1765 495 1820 et
507 1749 791 1845 locupletiores,
816 1777 877 1832 tot
899 1769 1082 1840 recensio·

98 1909 200 1955 num
217 1883 507 1978 permixtiones,
535 1901 596 1958 tot
613 1884 774 1984 denique
793 1917 920 1970 earum
940 1904 1082 1988 persio.
1196 1969 1199 1976 ,

103 2043 179 2088 nes
195 2041 233 2088 se
249 2017 415 2088 invicem
440 2036 519 2088 tam
543 2018 621 2093 cito
648 2023 861 2118 exciperent
869 2057 882 2112 3
909 2035 971 2104 cui
986 2060 1084 2108 acce.

8 2211 9 2244 3
105 2153 169 2222 dit
197 2167 317 2224 status
340 2151 573 2226 ecclesiarum
594 2155 883 2232 christianarum
904 2163 976 2236 illo
995 2184 1085 2242 tem·

98 2310 198 2380 pore
220 2285 443 2360 dissitam
454 2289 613 2362 necdum
634 2291 736 2365 inter
750 2320 790 2370 se
808 2315 906 2370 arcte
923 2303 1083 2376 coniun-

8 2453 10 2476 Ι
99 2439 257 2494 ctarum.
285 2461 336 2480 -
361 2428 494 2521 Itaque
508 2426 663 2501 abiectis
680 2432 797 2503 variis
811 2433 871 2504 his
890 2435 1083 2526 opinioni·

96 2553 170 2628 bus
202 2557 387 2650 speciosis
420 2563 721 2652 argumentisin
754 2563 825 2628 hac
857 2583 1087 2639 commenta·

92 2691 207 2760 tione
240 2691 416 2760 evincere
440 2687 567 2758 studet
601 2687 870 2766 Griesbachiusr
910 2702 1085 2774 Marcum

96 2823 138 2890 in
158 2813 413 2888 comeribendo
428 2821 636 2920 Evangelio
658 2845 724 2896 suo
741 2842 825 2900 ante
844 2833 965 2906 oculos
987 2840 1081 2931 posi-

8 3037 10 3042 ι
95 2971 186 3026 tum
202 2947 362 3022 habuisse
374 2978 444 3026 nort
457 2957 575 3030 solum
590 2958 841 3051 Matthaeum,
865 2969 928 3040 sed
948 2986 989 3072 Ιιε
1006 2980 1077 3045 Lu.

97 3112 208 3170 cam,
236 3097 347 3177 atque
361 3107 407 3154 ιω
428 3086 479 3160 his
504 3093 735 3192 decerpsisse,
769 3103 937 3199 quicquid
961 3103 1006 3177 de
1027 3131 1079 3179 re·

99 3219 166 3292 bus
189 3219 324 3317 gestis,
359 3223 577 3300 sermonibus
605 3245 641 3301 et
656 3225 757 3329 sotis
776 3203 982 3312 Seruatoris
1005 3267 1077 3316 me·

100 3353 242 3426 moriae
267 3349 475 3423 mandaret.
536 3362 653 3450 Quare
673 3365 771 3438 hsnc
794 3375 1079 3444 commentatio-

100 3511 190 3558 nem
204 3485 249 3555 in
265 3501 340 3558 tres
349 3483 543 3558 Sectiones
559 3488 611 3561 ita
626 3493 829 3590 distribuit,
851 3522 895 3576 ut
911 3507 1080 3602 primum

100 3619 331 3692 sententiam
356 3641 464 3692 suam
497 3620 671 3698 distincte
698 3655 912 3728 exponeret,
946 3639 1080 3710 deinde

104 3755 248 3828 selectis
279 3753 511 3849 argumentis
534 3782 618 3830 eam
637 3763 892 3856 confirmaret,
920 3769 1077 3866 denique

86 3887 327 3964 'comectsris
343 3911 391 3964 ex
407 3889 477 3965 hoc
492 3891 699 3992 hypothesi
727 3895 926 3979 derivanda
942 3903 1075 3988 indico·

867 4033 884 4096 s
923 4095 927 4106 .
