2752 4790
707 359 834 402 xxxvtn

290 515 378 604 „rios
413 514 599 611 impendit
627 517 752 597 Deus,
786 531 865 580 non
897 513 1083 586 minorem
1110 537 1152 584 ea
1174 514 1267 608 ipsa,

288 676 388 748 „que
406 652 598 724 Christum
621 643 819 734 emortuis
834 647 1079 724 resuscitavit.
1092 649 1115 692 ‘⁴
1168 645 1269 718 Tum

287 787 401 874 enim,
419 787 523 884 quod
539 786 707 882 Koppius
728 760 774 861 esd
789 781 827 862 h,
846 781 874 854 l.
890 799 988 854 recte
1002 783 1098 854 mihi
1113 805 1270 853 monere

289 919 461 1008 videtur,
488 957 577 1002 κατα
594 945 639 992 ex
657 915 808 1022 vulgari
831 917 1036 1024 particulae
1053 915 1272 1014 significati-

288 1079 361 1128 one
389 1057 659 1130 similitudinem
687 1049 886 1142 utriusque
916 1054 1040 1144 operis
1067 1052 1209 1140 divini,
1235 1067 1273 1120 et

288 1191 431 1262 Christi
448 1189 666 1268 resuscitati,
700 1201 737 1254 et
753 1181 1055 1264 Christianorum
1071 1187 1274 1260 hominum

288 1351 354 1420 per
371 1322 594 1418 religionem
612 1316 854 1400 christianam
871 1312 1115 1402 brendorum,
1151 1319 1274 1413 expri.
1350 1359 1354 1367 .

292 1457 373 1532 mit.
405 1492 450 1512 -
472 1453 672 1526 Proximus
701 1450 804 1534 enim
827 1449 1031 1525 verborum
1055 1475 1178 1524 nexus
1200 1453 1276 1523 soli

288 1588 540 1684 parallelismo
569 1586 834 1686 praeferendus
868 1609 948 1660 esse
979 1586 1140 1661 videtur.
1200 1586 1272 1659 Sed

288 1723 474 1796 iudicium
488 1724 538 1796 sit
551 1748 665 1819 penes
684 1724 788 1820 ipsos
804 1717 987 1795 lectores!
1012 1758 1065 1788 -..·

400 1863 524 1934 Tertia
541 1855 809 1944 commentatio
826 1863 890 1954 (X
909 1881 946 1956 p.
972 1877 1054 1947 151.
1075 1859 1179 1954 sqq.)
1199 1855 1277 1951 agit

292 1992 337 2066 de
352 1998 555 2090 potentiore
573 2000 737 2070 ecclesiae
752 2017 929 2076 romanoe
944 1994 1212 2093 principalitate
1229 1991 1277 2062 ad

293 2131 421 2202 locum
440 2135 581 2214 Irenaei
603 2134 713 2206 1.111.
731 2155 761 2202 c.
782 2151 828 2222 3.,
856 2127 924 2224 qui
946 2153 995 2200 ex
1016 2128 1137 2200 latino
1161 2126 1278 2197 inter·
1323 2145 1326 2154 ’

292 2277 396 2356 prete
410 2259 461 2375 itt
476 2264 606 2336 hebet:
635 2266 726 2354 „Ad
742 2265 838 2336 hanc
859 2263 962 2334 enim
988 2238 1181 2362 eeclesiam
1199 2263 1277 2354 (ro-

293 2399 486 2492 „manam)
501 2417 656 2496 propter
677 2400 867 2498 potiorem
882 2397 1199 2498 principalitatem
1210 2419 1276 2466 ne-

293 2555 419 2620 „cesse
444 2551 499 2612 est
524 2559 677 2616 omnem
707 2535 912 2617 convenire
936 2532 1149 2618 ecclesiam,
1183 2531 1220 2600 h.
1243 2553 1275 2606 e.

293 2689 403 2753 „eos,
437 2669 504 2763 qui
537 2686 628 2742 sunt
655 2669 824 2762 undique
848 2667 998 2752 fideles,
1013 2706 1016 2726 ι
1032 2665 1074 2736 in
1090 2691 1163 2770 qua
1180 2688 1275 2746 sem·

296 2822 387 2893 „per
406 2800 451 2874 eb
476 2800 553 2883 his,
582 2801 648 2895 qui
665 2819 755 2872 sunt
770 2800 960 2895 undique,
988 2818 1204 2882 conservata
1221 2816 1279 2872 est

295 2957 380 3020 ,‚ea‚
417 2952 581 3028 quaeest
603 2935 872 3032 sbApostolis,
899 2921 1276 3020 traditio.“-'Con-
1314 3007 1329 3038 ι

294 3085 370 3141 stet
390 3067 490 3144 inter
515 3094 667 3159 omnes,
702 3097 815 3168 quam
832 3070 1003 3144 studiose
1030 3087 1186 3156 utantur
1203 3070 1279 3140 hoo

293 3204 379 3274 loco
407 3203 606 3301 scriptores
641 3211 811 3282 Romano
828 3251 842 3264 ·
858 3205 1054 3290 catholici,
1090 3225 1278 3299 quamque

296 3337 429 3432 cupide
457 3364 543 3413 eum
576 3363 771 3432 exornent,
806 3361 985 3442 tanquam
1016 3337 1280 3414 firmissimum

295 3473 577 3550 demonstrandi
599 3483 777 3576 primatus
796 3476 991 3554 Pontihois
1009 3474 1158 3548 romani
1172 3499 1278 3570 prae·

297 3605 448 3687 sidium.
466 3651 518 3670 -
535 3616 693 3690 Etiamsi
710 3635 835 3690 autem
848 3639 936 3686 cum
951 3611 1143 3709 plerisque
1160 3611 1275 3681 huius

271 3747 279 3766 ’
296 3745 372 3818 1οοὶ
393 3749 661 3848 interpretibus
678 3771 867 3835 sumatur,
894 3748 1150 3845 potentiorem
1170 3745 1275 3842 prin·

299 3879 528 3974 oipalitetem
555 3891 590 3963 h.
617 3891 643 3966 l.
667 3916 744 3974 esse
764 3891 788 3962 i.
818 3912 852 3983 q.
878 3890 1061 3985 potiorem
1080 3885 1278 3972 auetorita-
